2520 4440
100 277 145 316 xvi
483 263 702 327 morosos,
722 265 775 316 ac.
832 242 834 246 '

149 357 330 446 Tertium,
354 357 527 446 haereses,
548 358 624 454 jam
649 361 726 430 tum
747 352 1014 440 subnascentes,
1043 349 1160 422 sulio-

102 502 199 566 care3
229 480 403 576 praecipue
431 479 469 549 in
490 478 654 576 Epistolis
680 477 725 549 ad
748 476 940 575 Ephesios,
970 473 1015 546 ad
1039 473 1162 547 Colos-

102 625 240 690 senses,
262 601 307 672 ad
328 601 570 673 Timotheum.

150 725 212 796 He
231 748 355 796 omnes
368 724 548 821 Epistolae,
570 725 600 797 si
617 723 809 829 excipiatur
825 748 903 820 quaa
916 720 961 792 ad
971 719 1159 810 flebraeos,

102 847 237 943 scriptae
261 859 344 919 sunt
361 850 493 945 graeee3
514 858 592 918 tum
622 847 704 944 quia
730 845 775 917 ad
803 844 961 929 Graecos,
980 857 1056 915 tum
1080 844 1161 942 quia

102 972 214 1066 greeae
229 981 314 1045 tunc
334 969 568 1066 loquebantur
592 970 668 1040 fere
693 992 819 1039 omnes
839 952 956 1037 ahino
977 966 1073 1038 etad
1096 969 1157 1037 Ro·

103 1114 227 1190 manos
243 1091 348 1163 etiam
367 1095 479 1189 graece
500 1091 655 1188 scripsit,
675 1104 715 1195 ut
738 1090 874 1161 dicetur
896 1089 933 1158 in
956 1089 1062 1184 hujus
1079 1089 1162 1186 Epi-

103 1184 199 1286 stolae
212 1214 430 1311 praefatione.

150 1338 283 1424 Porro,
300 1363 406 1434 quam
426 1337 557 1409 utile
528 1362 558 1410 sr
587 1337 651 1409 has
679 1361 804 1408 omnes
809 1327 995 1432 Epistolas
1017 1334 1153 1430 legere,
1176 1340 1179 1345 ’

103 1457 289 1546 meditari,
309 1459 561 1546 commentari,
578 1459 755 1532 diseamus
776 1461 859 1529 al).
889 1457 1027 1527 Ioanne
1048 1457 1162 1555 Chry·

103 1594 257 1653 sostomo
270 1634 281 1668 ‚
294 1580 423 1652 harum
442 1582 634 1678 interprete
656 1580 875 1653 fidelissimo.

151 1705 326 1792 Paulinae,
349 1705 487 1802 inquit,
503 1705 667 1801 Epistolae
690 1705 830 1776 metalla
850 1716 932 1775 sunt
956 1703 1100 1800 spiritns
1130 1713 1163 1773 et

103 1827 219 1900 fontes
239 1829 404 1899 :metalla
421 1827 588 1925 quidem,
603 1828 685 1925 quia
702 1826 826 1926 quovis
840 1852 927 1898 auro
939 1825 1162 1922 pretiosiores

102 1952 205 2025 nobis
229 1951 386 2051 praebent
415 1951 574 2042 divitias3
602 1952 719 2023 fontes
741 1953 848 2039 vero,
874 1950 957 2048 quia
977 1954 1163 2046 nunqnam

103 2075 296 2164 deliciunt3
311 2075 373 2148 sed
389 2074 649 2174 quantumlibet
669 2073 854 2160 exhauris,
876 2054 1099 2144 tantumdem
1124 2094 1163 2143 ao

102 2199 377 2294 multoamplirls
400 2223 521 2269 rursus
538 2197 677 2268 aliluit.
697 2209 731 2268 et
757 2198 825 2268 hoc
841 2195 1023 2269 evidenter
1046 2192 1163 2325 deela-

101 2346 181 2392 rare
200 2322 313 2417 potest
333 2334 446 2392 totum
458 2333 598 2418 tempus
617 2318 713 2417 quod
730 2319 908 2417 praeteriit

150 2442 333 2541 Siquidem
349 2468 391 2515 ex
401 2468 471 2541 quo
489 2442 714 2517 Paulustixit
730 2444 828 2514 mille
842 2458 876 2514 et
888 2438 1075 2540 quingenti
1087 2444 1163 2539 jam

103 2565 213 2661 elapsi
241 2577 324 2637 sunt
347 2565 455 2652 anni,
473 2558 619 2663 totoque
647 2565 718 2637 hoo
744 2570 927 2662 tempore,
953 2566 1057 2638 multi
1085 2576 1162 2637 tum

102 2701 415 2775 commentatores,
435 2699 512 2758 tum
535 2684 695 2759 doctores
726 2711 768 2758 ao
793 2687 1024 2784 interpreteS‚
1051 2689 1162 2760 multa

101 2835 192 2906 saepe
207 2809 292 2881 inde
308 2811 564 2898 exhauserunt,
582 2836 649 2884 nec
667 2823 787 2884 tamen
806 2812 974 2908 repositas
996 2812 1086 2883 inibi
1107 2812 1162 2883 di-

100 2932 200 3005 vitias
218 2931 399 3003 exinanire
415 2933 603 3005 valuerunt
619 2959 628 3004 :
643 2958 717 3005 non
735 2947 786 3006 est
800 2935 897 3006 enim
913 2933 1094 3005 sensibilis·
1104 2935 1162 3006 hie

100 3055 303 3140 thesaurus,
321 3066 355 3125 et
371 3052 451 3125 ideo
475 3077 550 3125 non
567 3055 785 3127 consumitur
809 3059 829 3125 a
846 3054 965 3126 multis
982 3055 1162 3128 effodien-

99 3177 189 3249 tium
211 3174 394 3263 manibus,
412 3175 474 3247 sed
489 3190 639 3273 augetur
656 3190 689 3249 et
711 3177 976 3273 multiplicatur.

148 3299 192 3369 Et
211 3294 298 3395 quid
314 3296 393 3369 dico
411 3298 455 3370 de
472 3298 564 3386 illis;
586 3299 647 3397 qui
672 3311 753 3370 ante
775 3322 840 3369 nos
859 3296 1010 3372 fuerunt
1021 3353 1033 3391 ,
1055 3306 1162 3402 quam

100 3419 203 3491 multi
219 3432 297 3516 post
312 3443 377 3492 nos
394 3419 520 3491 dicturi
543 3436 647 3508 sunt,
668 3445 849 3493 aurursus
873 3435 952 3520 post
972 3424 1052 3496 illos
1078 3426 1159 3498 alii!

99 3565 168 3613 nee
182 3557 300 3613 tamen
318 3542 481 3614 deficient
497 3543 820 3615 fontis‘inmodum
835 3557 1002 3617 scatentes
1015 3545 1158 3634 divitiae

99 3689 217 3762 neque
232 3666 457 3737 metallorum
469 3665 538 3737 hoo
549 3689 661 3762 genus
680 3664 917 3737 exhaurietur.
936 3668 983 3737 Ι).
1000 3670 1159 3767 Chryso-

100 3802 233 3859 stomus
261 3787 299 3857 in
325 3786 458 3861 dictum
482 3785 602 3884 sipost.
634 3783 803 3857 habentes
829 3811 942 3858 unum
966 3791 1155 3884 spiritum,

100 3908 227 3981 homil.
244 3910 357 3983 tertia.
