2520 4440
266 267 437 321 TRIPLEX
456 273 677 328 Exposlrlo.
697 275 778 329 chr.
799 278 864 330 vii.
1044 281 1093 331 517

62 357 111 410 27.
126 357 260 425 Alligatus
270 375 300 414 cs
310 364 408 415 uxori?
420 364 476 416 noii
529 367 614 427 ltaque
629 370 649 417 si
671 371 705 418 sis
723 370 840 431 alligatus
857 372 944 430 uxori,
959 382 991 419 na
1013 371 1095 422 divor·
1177 411 1180 417 ,

26 443 160 497 quaerere
172 435 349 488 solutionem,
364 439 476 491 Solutus
498 437 563 483 tium
584 449 680 497 quares
697 439 758 487 :sed
777 441 797 487 si
813 439 874 487 liber
890 452 916 487 cs
928 475 934 498 ,
947 440 1051 489 consulo
1067 444 1094 489 ut

20 519 56 560 es
76 508 116 561 ab
141 510 247 564 uxore?
268 513 327 565 11011
351 527 476 581 quoefeoe
498 505 534 551 sic
545 515 705 566 permaneas,
720 519 876 568 necquaeras
888 519 1000 556 uxorem.

19 596 160 638 uxorem.

56 663 108 713 28.
116 661 150 714 Si
160 666 253 737 autem
262 664 402 729 acceperis
410 679 475 717 uxo·
527 670 577 720 iioc
596 675 681 723 nmen
704 675 741 723 sic
761 673 881 733 consulo,
896 673 965 723 veiut
980 673 1092 733 melius,

11 752 102 801 rem,
115 753 175 791 non
187 740 325 805 peccdsti:
336 747 363 793 et
374 742 398 793 si
407 757 475 808 nup·
497 744 525 788 ut
541 740 619 789 nolim
631 742 759 790 arbitreris
772 741 838 802 quod
853 742 918 790 maie
936 741 1024 790 feceris
1042 755 1092 790 nu-

11 817 95 871 serit
118 817 218 885 virgo,
238 832 296 872 non
319 821 443 885 peccavit
465 839 472 874 2
496 808 586 858 bondo.
599 809 624 858 si
638 812 764 872 acceperis
777 823 948 871 uxorem,non
963 811 1091 871 peccasti,

10 895 238 949 tribulationem
261 901 355 949 aulem
381 899 474 949 camis
496 880 520 923 et
536 878 556 924 si
572 878 642 938 virgo
660 879 751 938 nubat,
764 890 816 927 non
831 882 936 940 peccat:
956 878 998 926 sed
1011 878 1091 939 tales,

10 968 474 1117 {ggegggfshgfflgpfffls0w·
495 945 1091 1075 iiiiiiiiiiihatthidistii
1117 975 1122 984 ’

494 1094 568 1164 vos,
583 1084 743 1131 miseratione
767 1082 843 1132 vestri
872 1083 979 1143 ductus,
1006 1086 1089 1144 optem

52 1216 106 1268 29.
119 1216 181 1266 Hoc
202 1213 296 1281 itaqua
316 1213 392 1275 dico,
414 1213 470 1265 sra—
495 1163 682 1282 affluam&
692 1221 796 1282 iratres,
809 1187 879 1270 uobis
892 1222 1009 1271 omnibus
1022 1220 1087 1278 dico,

10 1300 100 1358 1103,
111 1298 226 1359 tempus
239 1293 321 1346 breve
334 1299 392 1345 ess:
406 1294 471 1345 reli.
494 1292 518 1337 ct
529 1289 560 1337 ad
575 1290 622 1338 hoc
635 1295 743 1338 attentos
756 1302 801 1338 vos
812 1289 903 1347 veiim,
916 1289 1011 1337 scilicet
1021 1287 1088 1348 quod

10 1385 116 1440 quum
136 1377 179 1423 est
197 1375 229 1423 ut
254 1376 282 1424 ep
302 1371 351 1438 qui
370 1371 471 1424 habent
494 1361 592 1419 tempus
607 1360 665 1408 vite
682 1358 757 1407 breve
774 1356 895 1406 estshinc
915 1356 973 1416 fiet,
991 1360 1019 1405 ut
1035 1367 1087 1403 non

11 1545 123 1595 diceret
136 1560 143 1590 ε
156 1543 256 1590 Bonum
269 1541 372 1602 inquam
385 1544 409 1589 ct
423 1542 546 1602 optimum
565 1545 602 1591 est
615 1541 726 1599 homini,
737 1540 762 1589 id
777 1543 826 1601 est,
840 1541 940 1602 utrique
954 1544 1039 1601 sexui,
1051 1543 1086 1590 sic

13 1627 73 1664 cose
88 1615 115 1662 et
128 1621 278 1673 permanere
295 1612 418 1672 virginem
435 1614 459 1658 et
477 1612 531 1658 sine
548 1611 673 1672 coniugio.

51 1698 96 1744 27.
110 1692 241 1755 Attipotus
252 1705 276 1741 es
287 1692 391 1742 osori...
404 1691 502 1751 ltaque,
515 1693 534 1740 si
548 1691 650 1752 quidem
661 1692 695 1741 sis
704 1691 819 1752 alligatus
833 1693 903 1740 uxori
919 1697 943 1740 ct
953 1692 1085 1741 vinculum

13 1762 187 1812 matrimonii
201 1761 367 1821 contraxeris,
384 1772 416 1808 ne
429 1759 565 1809 divortlum
581 1773 695 1821 quoras,
708 1761 780 1820 juxta
798 1764 950 1823 prseceptum
969 1761 1083 1821 Domini,

16 1831 216 1950 &sgldosinlibgr
228 1897 366 1960 es,tuiquo
379 1897 511 1956 dominus,
529 1895 632 1946 consulo
651 1901 679 1945 ut
697 1899 733 1946 sic
753 1909 912 1959 permaneas,
923 1909 970 1946 nec
987 1910 1084 1959 quaeras

17 1982 144 2021 uxorem.
155 1968 207 2018 Hoc
223 1963 292 2017 eni'm
305 1968 395 2017 meiius
411 1971 436 2015 et
449 1967 595 2029 perfectius,
609 1969 636 2014 ut
647 1968 699 2026 jam
711 1967 778 2027 dixi,
790 1973 815 2015 et
827 1968 931 2016 inierids
943 1966 1036 2016 dicam.

51 2057 96 2105 28.
110 2053 142 2102 Si
157 2057 240 2101 acum
253 2051 383 2112 acceperis.
393 2049 444 2099 iloc
461 2053 546 2097 tamen
561 2049 607 2096 tibi
622 2049 658 2096 sic
672 2048 774 2097 consulo
784 2087 790 2110 ,
801 2053 922 2110 nuquam
935 2048 1041 2109 melius,
1056 2054 1083 2098 ut

18 2123 107 2175 nolim
120 2121 267 2180 arbitreris,
278 2119 344 2181 qnod
355 2121 514 2181 peccaveris,
528 2120 549 2166 si
563 2130 619 2166 meo
630 2117 735 2167 consilio
753 2131 805 2167 non
820 2117 956 2167 adherens.
971 2117 996 2166 Si
1014 2119 1082 2167 enim

19 2192 159 2255 conjseocm
174 2190 313 2251 occeperis,
328 2202 378 2237 coo
390 2188 513 2250 peccasii;
532 2189 590 2236 etsi
606 2189 675 2248 virgo
689 2188 785 2247 nubat,
806 2200 858 2236 non
873 2192 1002 2249 propterca
1023 2200 1084 2247 poc-

18 2263 107 2320 cabit;
119 2257 165 2309 sed
175 2257 251 2320 tales,
262 2258 422 2307 matrimonio
437 2260 581 2315 contracto,
595 2255 703 2314 multas,
716 2255 856 2306 secundnm
871 2268 987 2315 carnem,
1000 2256 1081 2305 trihu-

18 2329 135 2380 iaiiones
150 2331 177 2375 et
187 2324 313 2375 molestias
325 2324 462 2374 habebunt.
665 2324 667 2328 ⁴

49 2403 106 2452 Per
122 2398 310 2450 tribulationem
328 2399 426 2456 cornis,
443 2397 568 2461 intellige,
588 2398 657 2450 mille
671 2401 826 2450 matrimonii
845 2398 1018 2459 incommoda,
1033 2412 1080 2448 an-

18 2484 97 2535 gores
115 2473 142 2518 ct
153 2481 243 2529 curas,
257 2470 292 2517 ait
303 2468 330 2516 b.
345 2467 496 2517 Athanasius
510 2487 516 2516 ε
529 2482 589 2530 seu,
607 2475 634 2520 ut
650 2473 685 2519 ait
699 2472 728 2520 b.
743 2472 866 2532 Thomas,
878 2471 1025 2522 aiiliciioncs
1036 2486 1081 2536 pro

18 2537 193 2605 procurandis
205 2538 352 2587 necessariis
363 2537 424 2596 sibi,
438 2541 462 2585 et
476 2536 534 2586 tiliis
549 2541 602 2587 suis
616 2543 641 2588 et
658 2539 721 2588 aiiis.

50 2617 110 2675 Epo
125 2617 209 2660 cutem
220 2611 291 2661 uobis
299 2624 388 2672 porco.
401 2610 429 2658 ld
442 2613 494 2670 est,
506 2611 582 2659 vestri
600 2615 719 2661 misereor
730 2632 736 2671 ς
748 2627 808 2673 seu,
822 2612 836 2661 i
848 2615 938 2674 quibus
949 2618 1079 2675 angustiis,

19 2697 68 2747 ego
78 2680 157 2731 vestri
168 2681 328 2729 miserntIone
337 2679 444 2739 ductus,
455 2691 499 2728 vos
510 2680 617 2742 optarim
628 2683 702 2730 eximi
708 2701 716 2742 ;
727 2695 770 2731 scu
781 2682 850 2731 vohis
863 2695 951 2744 parco,
966 2683 1027 2732 dum
1036 2696 1080 2733 sos

18 2751 146 2804 btaiibus
160 2752 286 2811 exemptos
297 2747 362 2797 noio.

51 2835 95 2884 29.
104 2833 158 2881 Hoc
168 2831 252 2892 itaque
261 2829 314 2879 dico
325 2849 334 2877 .·
347 2829 450 2890 Tempus
460 2831 530 2881 breue
538 2839 580 2882 est.
591 2833 706 2883 Secundo
715 2833 748 2883 ob
757 2835 814 2882 vitae
824 2836 914 2883 nostrae
922 2833 1078 2895 brevitatem,

18 2905 46 2953 et
65 2902 147 2962 huius
169 2897 259 2948 mundi
276 2909 362 2946 rerum
382 2900 529 2949 vanitatem.
553 2904 611 2950 dioc
633 2904 730 2965 itaque,
749 2902 853 2962 iratres,
872 2903 942 2963 vobis
962 2905 1079 2953 omnibus

18 2985 45 3021 nr
53 2971 111 3033 ‚ptis
121 2971 147 3017 et
159 2967 272 3028 innuptis
282 2965 362 3014 habeo
372 2965 525 3028 dicendum,
538 2973 562 3018 et
572 2969 604 3018 ad
614 2970 662 3020 hoc
673 2983 717 3020 vos
728 2973 836 3019 attentos
846 2969 931 3019 veiim.

53 3044 81 3089 i·
100 3039 206 3099 Tempus
220 3037 292 3085 breue
304 3042 346 3084 est.
358 3034 401 3083 Gr.
417 3042 592 3100 contractum,
603 3040 628 3088 id
642 3043 694 3099 est,
708 3040 782 3089 breve
794 3044 817 3088 ct
828 3044 963 3101 angustum
976 3045 1079 3093 estvitoe

18 3111 116 3160 nostrae
131 3111 233 3168 ternpus
243 3123 251 3165 i
262 3117 330 3154 mors
342 3116 392 3151 con
407 3107 505 3164 tardat,
519 3107 562 3156 sed
577 3111 649 3168 quasi
663 3109 703 3157 iun
716 3110 805 3158 statio
819 3109 925 3158 insidiis.

51 3181 81 3227 2θ
91 3177 210 3227 Proterit
224 3175 325 3238 tipum
335 3171 360 3220 id
370 3178 408 3220 est
417 3209 424 3233 ,
433 3173 509 3226 iacies
520 3214 527 3237 ,
538 3179 632 3239 species
641 3215 649 3239 ,
659 3177 787 3240 dispositio
800 3191 885 3228 rerum
901 3179 1078 3241 hujusmundi

19 3246 169 3298 transitoria
180 3247 230 3303 est,
241 3245 266 3291 et
283 3243 310 3290 in
322 3241 443 3291 continuo
457 3244 535 3294 iiuxu.
547 3247 654 3296 Torrens
667 3259 752 3296 rerum
765 3247 837 3308 huit,
850 3252 983 3300 momentis
996 3255 1079 3303 trans-

17 3315 166 3366 volantibus
178 3318 271 3363 cuncta
283 3312 425 3374 rapiuntur.
438 3313 501 3376 hug.

50 3383 96 3435 Vel
104 3382 234 3448 mame,
243 3383 359 3443 παράγει,
374 3382 440 3445 quod
453 3383 576 3444 significat
587 3387 662 3434 etiam
674 3384 753 3447 fallit,
765 3385 870 3449 deciplt,
883 3389 991 3450 species,
1002 3403 1078 3453 appa·

19 3455 103 3504 rentia
123 3452 203 3513 hujus
220 3451 319 3500 mundi.
340 3453 430 3502 Omnia
445 3455 521 3515 igitur
543 3453 619 3514 hujus
640 3455 729 3505 mundi
751 3455 818 3506 dura
840 3461 900 3506 sunt
919 3462 944 3508 et
963 3458 1076 3521 fallacia,

18 3523 166 3574 uenatoria
178 3523 204 3570 et
217 3521 367 3582 deceptoria.
680 3522 690 3543 '

50 3591 110 3642 linc
122 3593 145 3641 si
158 3590 224 3639 bene
240 3592 445 3652 penetraveritis,
461 3595 486 3639 1ο
502 3591 568 3653 quod
584 3594 659 3642 instet
674 3605 758 3655 mors,
777 3596 803 3642 2⁰
818 3593 884 3656 quod
903 3598 987 3645 omnia
1000 3596 1076 3658 huius

20 3660 110 3710 nundi
121 3661 175 3709 sint
185 3658 270 3717 fluxa,
283 3661 309 3706 3⁰
319 3658 386 3720 quod
398 3663 481 3709 omnin
495 3659 601 3710 iniiacia.

49 3735 186 3805 helmum
197 3738 248 3792 est,
261 3740 380 3794 caperest.
393 3733 421 3783 id
433 3738 482 3793 est,
494 3734 554 3782 hinc
566 3734 621 3794 het,
634 3739 662 3784 ut
673 3747 724 3785 non
735 3738 844 3798 virgines
857 3740 1031 3788 tantummodo
1045 3739 1076 3788 de

23 3806 115 3867 nnptiis
133 3800 314 3853 contrahendis
333 3815 384 3851 non
404 3805 535 3862 cogitent:
552 3803 595 3852 scd
612 3808 640 3852 ut
658 3809 683 3852 et
699 3806 745 3865 ipsi
762 3807 956 3866 conjugati,qni
974 3809 1075 3869 nuptias

21 3869 68 3929 ianr
79 3872 279 3927 contraxerunt,
292 3871 342 3918 sint
358 3871 424 3918 sicut
440 3872 540 3932 innupti
555 3889 561 3918 ε
576 3872 663 3919 virent
675 3875 702 3919 ut
718 3872 792 3920 soluti
807 3877 831 3921 et
842 3872 922 3921 liberi.

45 3949 80 3999 iit
92 3945 206 4010 puiflent
208 3976 266 3993 ......
277 3943 308 3993 ob
321 3945 402 3993 tristia
414 3943 512 3999 ecdico
521 3948 547 3995 et
559 3943 625 3994 maia
639 3944 753 4008 quasillis
765 3944 927 4008 acciderunt,
942 3948 992 3996 sint
1003 3950 1072 4009 qnasi
