2520 4440
447 253 661 321 PROLOGUS,
681 261 734 310 etc.

89 485 1123 521 w

364 717 814 840 PROLOGUS

189 1014 233 1075 ΙΝ
253 1010 397 1074 OMNES
415 1011 568 1076 stricti
588 1014 715 1076 PAULI
735 1015 979 1079 EPISTOLAS.
1036 1015 1039 1019 ’

70 1408 340 1539 Qolrnonnrcru
360 1443 523 1541 epistolas
545 1447 591 1516 D.
616 1445 747 1519 Paulus
775 1444 933 1543 scripsit,
953 1469 1027 1518 nou
1044 1458 1116 1520 tam

65 1580 249 1639 atramento
259 1619 271 1654 ,
295 1569 401 1664 qudm
429 1566 563 1663 Spiritu
586 1569 655 1640 Dei
670 1567 743 1642 vivi
759 1594 768 1639 :
783 1567 906 1641 decem
931 1569 976 1640 ad
991 1572 1117 1645 Eccle-

62 1690 138 1778 sias3
152 1690 199 1761 ad
216 1693 416 1776 Romanos,
429 1689 708 1779 scilicet,unam,
728 1690 773 1761 ad
789 1691 990 1764 Corinthios
1007 1692 1114 1782 duas,

60 1813 97 1885 ad
114 1814 255 1887 Galatas
269 1835 400 1898 unam,
418 1810 463 1882 ad
479 1810 650 1910 Ephesios
661 1837 792 1902 unam,
810 1813 855 1884 ad
871 1815 1115 1912 Philippenses

59 1961 182 2022 unam,
212 1932 259 2004 ad
287 1934 510 2007 Colosseuses
547 1959 681 2020 unam,
712 1935 757 2006 ad
786 1936 1115 2011 Thessalonicenses

57 2059 158 2161 duas,
182 2056 228 2127 ad
247 2054 413 2128 Hebraeos
434 2079 544 2128 unam
564 2083 573 2128 z
589 2071 740 2156 quatuor
760 2056 805 2128 ad
820 2057 1017 2153 singulares
1032 2080 1115 2154 per-

56 2207 151 2255 sonas
162 2235 174 2271 ,
195 2204 326 2277 nempe
345 2178 432 2250 duas
455 2178 500 2250 ad
526 2179 776 2268 Timotheum,
794 2173 905 2253 uuam
924 2178 971 2257 ,ad
995 2180 1115 2255 Titum

56 2319 84 2377 et
102 2329 214 2378 uuam
236 2301 281 2374 ad
305 2302 567 2374 Philemonem.
1071 2366 1073 2371 ,

95 2431 240 2526 Legunt
251 2425 396 2523 quidam
408 2479 417 2510 ,
431 2437 465 2496 et
477 2424 522 2496 ad
538 2423 771 2497 laodicenses
780 2476 792 2512 ,
805 2423 869 2496 sed
885 2422 929 2497 ah
948 2424 1114 2497 omnibus

56 2551 271 2649 exploditur,
289 2547 337 2619 ait
350 2550 398 2619 D.
417 2548 659 2647 Hieronymus
671 2546 766 2635 ,-lib.
786 2546 831 2619 de
847 2548 927 2620 Vir.
946 2548 1074 2621 illustr.
1161 2626 1166 2634 ,

94 2678 150 2747 De
177 2675 246 2747 hac
271 2671 317 2744 ad
341 2670 453 2743 Laod.
480 2670 649 2767 epistola,
666 2670 748 2743 vide
773 2695 848 2767 cap.
870 2670 919 2759 lt,
945 2670 1046 2767 epist.
1067 2671 1112 2742 ad

57 2799 297 2882 Colossenses,
321 2817 360 2864 n.
393 2792 453 2864 16.
470 2792 564 2868 Vide
582 2793 688 2865 etiam
707 2794 847 2867 Praeict.
874 2793 912 2864 iu
941 2793 1047 2893 epist.¹
1068 2791 1113 2864 ad

57 2920 232 3018 Ephesios.

93 3044 240 3114 Constat
254 3037 400 3137 quidem
413 3036 515 3132 apud·
528 3061 652 3109 omnes
663 3036 759 3134 quod
775 3037 1111 3135 hae-quatuordecim

54 3164 211 3261 Epistolae
233 3185 308 3232 non
327 3160 398 3232 sint
419 3161 458 3231 in
479 3159 602 3232 Bibliis
615 3161 811 3247 collocatae,
825 3185 868 3232 eo
881 3186 953 3258 quo
976 3162 1112 3258 scriptae

54 3287 194 3359 fuerunt
213 3283 362 3371 ordine3
381 3281 669 3355 sicutduodecim
682 3283 868 3380 Prophetae
883 3306 958 3355 non
973 3297 1056 3357 suut
1071 3286 1110 3357 in

53 3408 168 3480 Bibliis
200 3404 329 3478 ordine
354 3416 557 3500 temporum
588 3404 769 3494 collocati,
797 3404 844 3476 ait
871 3407 917 3477 D.
955 3407 1110 3481 loannes

53 3526 440 3629 Chrysostomus3sicut
456 3525 582 3622 psalmi
594 3525 754 3598 Davidici
766 3527 933 3626 temporis
946 3528 1109 3599 ordinem
1210 3626 1214 3634 α

52 3674 119 3723 non
136 3650 295 3737 habent,
309 3648 357 3720 ait
368 3648 624 3719 Theodoretus.

95 3775 238 3844 Arnon
266 3772 366 3869 osque
394 3781 528 3845 constat
548 3768 644 3866 apud
662 3793 787 3842 omues
812 3767 858 3841 de
882 3768 1007 3841 ordine
1036 3792 1107 3865 quo

52 3893 224 3993 pleraeque
247 3888 384 3988 scriptae
400 3889 568 3979 fuerunt3
585 3888 647 3962 sed
666 3890 705 3962 in
721 3914 762 3962 re
777 3888 883 3962 dubia
900 3890 987 3964 varii
1012 3887 1106 3962 varie
