2520 4440
99 239 135 292 bo
400 239 602 293 EPISTOLAE
622 242 670 291 ab
689 238 872 293 ROlthOS

127 331 182 382 lion
200 332 282 382 solum
298 334 384 383 autem
399 332 537 395 gloriamur
555 336 582 383 in
600 347 642 396 spe
658 333 699 383 fu·
757 339 783 388 5.
797 337 857 388 Non
876 331 968 387 solum
987 337 1098 402 autem,
1117 328 1154 384 ted

97 403 162 449 turae
174 398 232 449 tiliis
246 400 288 449 liei
305 399 404 461 gloriae3
416 399 459 449 sed
475 402 551 449 etiam
563 398 700 460 gloriamur
722 418 750 465 02
761 413 912 480 gloriamur
928 413 957 464 in
982 409 1155 465 triburationj.

98 470 123 514 et
145 464 300 516 exsultamus
320 467 347 514 ln
369 465 593 525 tribulationibus,
614 469 700 528 utpote
721 489 775 543 bus
792 490 933 542 ,scientes
951 489 1031 556 qubd
1050 486 1155 540 tribula,

97 534 159 585 huic
173 534 257 596 gloriae
276 533 392 583 affinibus
409 553 415 583 z
434 534 530 583 seimus
545 534 615 582 enim
633 532 701 595 quod
722 567 761 621 tio
792 528 935 620 {mmmm
948 581 965 621 0
987 564 1096 620 emur,
1149 581 1150 584 ,

97 600 201 651 afflictio
214 604 279 663 parii
295 603 453 663 patientiam.
772 582 790 634 p
966 582 986 634 p
1088 606 1096 631 ’

128 667 251 718 Patientia
265 669 455 732 probationem,
469 667 583 731 probatio
597 682 685 732 spem;
757 675 785 723 l.
803 671 939 742 Patientia
957 676 1053 740 autem
1067 668 1156 737 proba·

723 748 845 812 tionem;
858 745 989 813 probatio
999 745 1068 808 verb
1079 754 1155 826 spelit

96 846 1152 879 mmuh-iu·—

90 982 93 987 .
127 922 157 974 lu
174 923 268 973 Christi
288 924 410 984 sanguine
429 925 604 984 regeneratus,
623 921 705 971 iactus
720 933 777 971 aum
795 919 863 971 iilius
876 919 936 980 θεῖς
953 920 1059 981 sanguis
1071 917 1156 968 'Christi

97 992 164 1043 mibi
175 1005 219 1054 per
230 992 388 1054 baptismum
397 995 422 1040 et
430 1003 475 1054 per
484 991 533 1040 alla
543 991 705 1040 Sacramenta
715 989 871 1051 applicatus,
884 987 927 1037 dat
938 987 1059 1048 mihitur
1070 989 1156 1036 certum

98 1059 131 1110 ad
146 1060 259 1124 futuram
273 1058 384 1111 illiorum
400 1060 444 1109 Del
458 1060 564 1123 gloriam
581 1078 587 1108 ι
605 1072 677 1122 spero
690 1061 792 1121 itaque,
808 1057 992 1108 etitrmissimb
1008 1069 1095 1120 spero;
1105 1056 1156 1106 nin

98 1131 147 1180 hac
159 1142 203 1192 spe
216 1130 324 1192 glorior,
336 1133 362 1180 et
372 1129 485 1192 exsulto,
503 1131 576 1193 quasi
587 1132 615 1180 ln
626 1134 654 1180 r'a
666 1132 719 1191 iam
730 1128 834 1192 adepta,
846 1130 907 1190 quia
923 1139 982 1190 spes
995 1131 1066 1178 certa
1083 1129 1156 1190 utpote

99 1201 126 1248 in
138 1199 230 1249 Christi
243 1200 365 1260 sanguine
376 1197 490 1250 fundata.

130 1287 153 1333 3.
170 1283 226 1333 lton
236 1280 319 1331 solim
333 1287 430 1341 autem,
442 1281 468 1332 ld
480 1284 533 1343 est,
546 1293 593 1331 nec
605 1278 632 1331 id
645 1278 743 1341 solum,
755 1293 800 1331 seu
817 1292 871 1330 non
881 1277 971 1329 solum
989 1277 1125 1350 gloriamur
1134 1277 1157 1325 io

99 1365 143 1415 spe
154 1351 246 1402 iuturae
257 1349 350 1412 gloria.
361 1353 410 1401 Sed
421 1357 443 1400 et
453 1352 597 1414 plectamur
607 1352 635 1400 in
644 1348 866 1409 tribulationibus,
878 1361 943 1410 quas
950 1347 1069 1415 scillcet,
1081 1350 1107 1397 in
1117 1347 1157 1396 bac

99 1424 152 1471 vita
171 1424 200 1472 ut
217 1421 351 1472 christiani
366 1424 492 1484 patimur,
503 1425 528 1471 et
539 1434 584 1484 per
594 1433 671 1483 quas,
683 1432 730 1470 nos
743 1423 842 1484 oportet
857 1418 891 1469 ad
902 1417 972 1469 bauo
986 1417 1104 1487 tutorum
1113 1417 1157 1480 glo·

100 1497 165 1543 riam
177 1495 317 1556 peruenire.
988 1499 991 1503 ’

130 1563 201 1612 Sicut
214 1563 325 1624 oportuit
339 1562 397 1624 pati
412 1562 567 1613 Gltristum...
584 1568 607 1612 et
622 1567 658 1612 ita
676 1563 774 1612 intrare
789 1560 818 1609 in
835 1560 950 1623 plurium
964 1579 974 1610 .-
988 1560 1026 1609 slo
1038 1562 1063 1609 et
1072 1560 1159 1622 oportet

99 1634 152 1694 pati
163 1631 353 1692 Christianum,
368 1634 393 1680 et
408 1644 451 1693 per
467 1631 642 1681 tribulationes
659 1633 755 1680 intrare
770 1632 797 1679 in
817 1630 925 1692 gloriam
938 1648 944 1678 ι
956 1642 1006 1691 per
1015 1629 1110 1678 multm
1119 1629 1159 1679 ιιι·-

102 1702 240 1752 balationes
254 1708 349 1764 oportet
364 1716 409 1752 nos
422 1702 527 1752 introire
537 1703 565 1751 in
574 1715 681 1764 reanum
696 1701 825 1751 cumeum.
839 1700 896 1750 hot.
911 1702 949 1749 ii.

133 1772 295 1830 Gloriamur,
311 1773 430 1833 inquam,
449 1771 589 1821 secundum
603 1773 739 1833 spiritum,
754 1771 814 1823 licit
829 1770 913 1822 doleat
929 1774 956 1820 et
971 1776 1059 1834 gemat
1069 1769 1159 1821 infirma

100 1852 168 1890 earo.
180 1840 214 1890 Et
223 1841 367 1903 pbriomur
380 1841 411 1890 de
427 1841 650 1899 tribulationibus,
665 1844 694 1890 ut
706 1840 737 1890 de
749 1839 825 1891 bono.
1029 1870 1033 1879 ι

133 1909 251 1967 scientes,
265 1913 292 1958 ut
301 1911 344 1971 qul
354 1912 462 1970 scimus,
474 1909 542 1971 quod
554 1906 684 1959 tribulatio
693 1912 842 1972 patientiam
852 1910 1087 1976 occasionaliterin
1097 1908 1160 1960 nobit

99 1977 232 2040 producit;
243 1978 407 2028 tribulatione
419 1981 488 2029 enim
499 1978 640 2040 aequiritur
649 1981 783 2041 patientia.
1054 2034 1057 2038 ⁴

130 2047 187 2098 llaeo
201 2052 238 2096 cst
250 2048 293 2097 liei
307 2060 352 2096 nos
363 2048 496 2109 affligentis
507 2047 641 2099 voluntasz
654 2049 747 2110 hicque
759 2048 851 2098 dlvinae
864 2051 952 2110 gratia
964 2050 1081 2100 effeetus.

131 2133 155 2179 4.
169 2132 297 2180 Patiemin
316 2137 400 2180 nutem
419 2131 606 2192 probationem,
624 2130 650 2180 id
664 2133 716 2191 est,
729 2132 852 2194 patientia
870 2144 918 2181 nos
936 2132 1023 2182 reddit
1035 2131 1159 2195 probatos,

101 2205 213 2263 expertos
223 2237 230 2260 ,
241 2200 255 2248 a
267 2202 364 2259 vitiosis
376 2199 509 2249 affectibus
521 2204 655 2262 purgatos,
672 2200 740 2250 lento
754 2200 852 2250 scilicet
861 2202 1013 2251 tentationis
1026 2203 1094 2264 igne.

131 2267 161 2321 In
171 2269 227 2330 ipne
236 2269 363 2331 probatur
374 2282 468 2317 aurum
476 2275 499 2318 et
510 2275 642 2331 arpentum
647 2286 658 2332 ,·
669 2268 779 2320 homiues
791 2269 850 2320 verb
862 2270 1021 2332 receptibiles
1032 2272 1061 2320 in
1072 2270 1160 2321 ianm

102 2338 294 2389 bumiliationis.
306 2336 403 2387 Eccles.
416 2340 440 2387 2.

146 2404 269 2455 Probutio
283 2406 341 2455 ueri
352 2419 422 2468 rpem
428 2423 439 2468 ,·
452 2406 535 2467 idest,
549 2406 733 2471 exprobatione
741 2409 769 2457 ln
777 2408 970 2470 afflictionibus,
981 2421 1040 2472 spes
1050 2411 1161 2460 consun-

102 2478 152 2524 tior
166 2489 191 2524 et
203 2477 315 2524 securior
328 2475 450 2524 redditur.
462 2479 527 2526 Deus
536 2480 638 2528 tentavit
646 2491 687 2527 eor
696 2514 704 2535 ,
713 2482 735 2527 et
745 2479 838 2529 inuenit
849 2479 909 2539 ilipa
923 2481 1015 2542 dignor
1029 2474 1064 2530 ae.
1076 2479 1132 2542 sip.
1141 2481 1160 2528 i.

133 2545 194 2606 Spes
205 2550 288 2593 autem
299 2557 349 2594 non
361 2544 572 2608 cantaminum
583 2547 763 2597 certitudinem
774 2547 863 2609 habet,
875 2552 904 2599 ut
913 2561 974 2599 mox
984 2549 1160 2613 explicabitur:

102 2613 280 2663 certitudinem
293 2613 391 2663 seilicet
404 2614 535 2664 moralem.

132 2682 234 2744 Syriaca
249 2686 331 2732 versio
346 2683 393 2732 hos
408 2696 495 2732 versus
511 2685 547 2733 sie
561 2685 700 2746 exprimltz
718 2685 772 2733 lton
791 2685 827 2734 ita
843 2685 946 2735 tantum
956 2686 1028 2748 ,sed
1046 2690 1122 2739 etlam
1139 2688 1160 2736 in

102 2753 303 2814 oppressionibus
315 2755 407 2802 nostris
419 2753 572 2814 glorlamur3
585 2758 614 2802 ut
625 2755 669 2816 qul
686 2766 884 2817 cognoscamus,
898 2756 969 2818 quod
982 2761 1113 2822 oppressio
1122 2771 1162 2822 pa·

95 2821 217 2888 'tientiam
233 2823 261 2870 ln
277 2821 350 2871 nobis
367 2822 496 2884 perficiat,
513 2825 634 2885 patientia
646 2823 707 2873 verb
725 2826 922 2887 experientiam,
937 2829 1097 2891 experientia
1110 2826 1162 2879 verb

102 2900 189 2951 spem,
201 2901 257 2951 spes
267 2894 352 2940 autem
363 2889 458 2952 pudore
471 2904 523 2941 non
537 2891 622 2943 afficit.
963 2896 966 2901 '

132 2958 170 3007 Ex
180 2957 228 3008 hac
239 2961 335 3020 egregia
351 2960 510 3021 gradatione,
522 2973 599 3022 quam
614 2961 643 3011 b.
656 2961 720 3024 Aug.
731 2964 840 3014 miratus
851 2965 906 3024 est,
920 2967 993 3026 patet
1006 2965 1078 3029 quod
1090 2966 1162 3018 tribu-

101 3026 163 3075 latio
178 3027 246 3074 viam
260 3032 331 3088 parat
346 3028 378 3076 ad
395 3027 514 3089 gloriam
526 3032 550 3078 et
560 3029 617 3079 ideo
633 3030 807 3093 Christianus,
821 3034 866 3093 qui
880 3031 1007 3097 gloriatur
1020 3038 1049 3086 ln
1060 3048 1105 3101 spe
1116 3035 1161 3098 giu

97 3095 147 3143 riae
163 3091 271 3143 illiorum
288 3095 345 3157 liei,
364 3095 437 3145 debet
454 3100 480 3145 et
498 3097 529 3146 da
546 3098 766 3160 tribulationibus,
784 3110 841 3162 quae
859 3101 892 3150 ad
907 3094 1101 3183 hincffim
1111 3116 1162 3169 per-

102 3161 213 3222 ducunt,
225 3162 335 3224 gloriari.
347 3165 411 3215 llinc
839 3176 843 3189 ’
920 3192 924 3197 ·
972 3174 975 3181 '
993 3170 1020 3195 ''·
1128 3184 1132 3189 ·

118 3232 348 3349 ὦὲζιὲιιιίὣιειιιιω
363 3234 511 3286 Christiane
531 3236 628 3286 tructus
644 3241 682 3288 eat
697 3237 790 3301 gloria,
806 3240 929 3301 gaudium
943 3198 1127 3297 sffibisultttiu
1136 3245 1161 3293 tu

101 3312 117 3348 a
180 3313 221 3348 ιιι
267 3315 287 3350 s.
723 3312 725 3316 ’

132 3367 202 3429 Quod
216 3369 279 3420 alios
293 3371 426 3422 contundit
439 3377 463 3422 et
481 3373 558 3424 allicit
572 3371 689 3437 tristitit,
705 3375 879 3428 Christianum
897 3372 1118 3459 laetlQffl
1126 3382 1161 3433 dat

102 3437 224 3499 gloriandi
238 3451 350 3489 carinam.
1062 3444 1087 3481 .·..

132 3505 229 3566 Quare?
243 3510 301 3568 quia
312 3508 373 3559 tides
382 3513 404 3560 el
419 3511 581 3561 afflictionem
591 3513 704 3574 exhibet,
717 3527 769 3563 non
779 3516 808 3562 ut
817 3515 934 3578 malum,
952 3519 997 3568 sed
1014 3524 1045 3570 ut
1055 3521 1160 3579 bonum;

105 3577 189 3635 utpote
203 3571 303 3625 affinem
311 3576 395 3637 glorlae
404 3577 462 3638 liel;
473 3584 580 3628 matrem
589 3579 673 3641 glorlae
684 3581 796 3633 illiorum
804 3580 859 3632 Del.
871 3584 985 3637 Aiillotlo
994 3593 1065 3651 parit
1072 3593 1160 3654 putten·

103 3641 179 3700 tiam,
199 3646 318 3703 patientia
336 3646 524 3707 probationem,
545 3649 659 3709 probatio
676 3664 761 3716 spem5
779 3666 836 3720 spes
862 3659 950 3707 sutem
971 3655 1063 3710 divina
1079 3659 1159 3711 lutura

103 3708 186 3773 gloriae
202 3713 379 3784 certitudinem
392 3714 482 3776 habet,
496 3719 525 3764 ut
539 3716 674 3769 ridebitur.
816 3728 818 3733 '

108 3846 114 3856 θ
134 3777 197 3827 llinc
209 3779 237 3829 b.
252 3780 373 3844 lacobus,
393 3797 448 3845 cap.
469 3788 491 3833 i.
506 3784 582 3836 Omne
598 3791 724 3851 amdan
741 3795 900 3854 ematimote,
914 3795 1010 3860 ibat-res
1030 3801 1093 3859 mei,
1111 3797 1158 3849 cuti

104 3859 131 3893 nn
152 3849 291 3898 tentnnoner
305 3853 393 3900 uariae
409 3852 554 3904 incideritis.
573 3854 639 3907 ilinc
661 3858 798 3913 l).,l²etrus
819 3865 841 3911 i.
858 3848 909 3927 kp.
924 3865 950 3914 i.
973 3863 1157 3917 itxcommum'·

104 3919 183 3963 cuntes
198 3915 288 3967 Christi
300 3919 459 3980 pusionibus
471 3921 585 3984 nuum
602 3922 668 3976 ilino
689 3925 719 3978 b.
737 3927 831 3980 Paulus
846 3932 872 3983 2.
885 3930 946 3985 (ibri
960 3934 987 3985 4.·
1002 3936 1042 3986 tu.
1056 3935 1155 3986 monet·
