<?xml version="1.0" encoding="UTF-8"?>
<!DOCTYPE html PUBLIC "-//W3C//DTD XHTML 1.0 Transitional//EN"
    "http://www.w3.org/TR/xhtml1/DTD/xhtml1-transitional.dtd">
<html xmlns="http://www.w3.org/1999/xhtml" xml:lang="en" lang="en">
 <head>
  <title>
</title>
<meta http-equiv="Content-Type" content="text/html;charset=utf-8" />
  <meta name='ocr-system' content='tesseract 3.04.00' />
  <meta name='ocr-capabilities' content='ocr_page ocr_carea ocr_par ocr_line ocrx_word'/>
</head>
<body>
  <div class='ocr_page' id='page_1' title='image "./epistolarumbpau00berngoog_0198.png"; bbox 0 0 2520 4440; ppageno 0'>
   <div class='ocr_carea' id='block_1_1' title="bbox 314 240 1135 318">
    <p class='ocr_par' dir='ltr' id='par_1_1' title="bbox 314 240 1135 318">
     <span class='ocr_line' id='line_1_1' title="bbox 314 240 1135 318; baseline 0.029 -23"><span class='ocrx_word' id='word_1_1' title='bbox 314 240 483 302; x_wconf 70' lang='lat' dir='ltr'><strong>retinax</strong></span> <span class='ocrx_word' id='word_1_2' title='bbox 500 245 724 310; x_wconf 78' lang='lat' dir='ltr'><strong>EXPOSiTIO.</strong></span> <span class='ocrx_word' id='word_1_3' title='bbox 745 251 826 311; x_wconf 77' lang='lat' dir='ltr'><strong>cir.</strong></span> <span class='ocrx_word' id='word_1_4' title='bbox 846 261 896 314; x_wconf 85' lang='lat' dir='ltr'><strong>XI.</strong></span> <span class='ocrx_word' id='word_1_5' title='bbox 1081 263 1135 318; x_wconf 62' lang='lat' dir='ltr'><strong>ido</strong></span> 
     </span>
    </p>
   </div>
   <div class='ocr_carea' id='block_1_2' title="bbox 65 339 1135 621">
    <p class='ocr_par' dir='ltr' id='par_1_2' title="bbox 65 339 1135 549">
     <span class='ocr_line' id='line_1_2' title="bbox 65 339 1135 409; baseline 0.016 -19"><span class='ocrx_word' id='word_1_6' title='bbox 65 348 142 402; x_wconf 84' lang='lat' dir='ltr'><strong>rnre,</strong></span> <span class='ocrx_word' id='word_1_7' title='bbox 152 339 342 394; x_wconf 88' lang='lat' dir='ltr'><strong>reconciliatio</strong></span> <span class='ocrx_word' id='word_1_8' title='bbox 352 345 511 399; x_wconf 84' lang='lat' dir='ltr'><strong>estmundi:</strong></span> <span class='ocrx_word' id='word_1_9' title='bbox 535 345 583 409; x_wconf 86' lang='lat' dir='ltr'><strong>tutt</strong></span> <span class='ocrx_word' id='word_1_10' title='bbox 603 352 702 400; x_wconf 74' lang='lat' dir='ltr'><strong>occano</strong></span> <span class='ocrx_word' id='word_1_11' title='bbox 715 351 812 401; x_wconf 50' lang='lat' dir='ltr'><strong>*mundi</strong></span> <span class='ocrx_word' id='word_1_12' title='bbox 830 365 890 402; x_wconf 88' lang='lat' dir='ltr'><strong>cum</strong></span> <span class='ocrx_word' id='word_1_13' title='bbox 913 350 964 403; x_wconf 80' lang='lat' dir='ltr'><strong>lieo</strong></span> <span class='ocrx_word' id='word_1_14' title='bbox 985 355 1135 408; x_wconf 75' lang='lat' dir='ltr'><strong>reconotlta·</strong></span> 
     </span>
     <span class='ocr_line' id='line_1_3' title="bbox 66 417 1133 486; baseline 0.019 -30"><span class='ocrx_word' id='word_1_15' title='bbox 66 428 133 480; x_wconf 83' lang='lat' dir='ltr'><strong>quae</strong></span> <span class='ocrx_word' id='word_1_16' title='bbox 152 417 308 484; x_wconf 73' lang='lat' dir='ltr'><strong>assumptio</strong></span> <span class='ocrx_word' id='word_1_17' title='bbox 339 419 394 473; x_wconf 72' lang='lat' dir='ltr'><strong>nisi</strong></span> <span class='ocrx_word' id='word_1_18' title='bbox 406 420 464 475; x_wconf 72' lang='lat' dir='ltr'><strong>vita</strong></span> <span class='ocrx_word' id='word_1_19' title='bbox 479 435 513 476; x_wconf 66' lang='lat' dir='ltr'><strong>ex</strong></span> <span class='ocrx_word' id='word_1_20' title='bbox 534 418 612 467; x_wconf 89' lang='lat' dir='ltr'><strong>tionis</strong></span> <span class='ocrx_word' id='word_1_21' title='bbox 618 419 698 480; x_wconf 84' lang='lat' dir='ltr'><strong>;qllid</strong></span> <span class='ocrx_word' id='word_1_22' title='bbox 705 422 752 469; x_wconf 81' lang='lat' dir='ltr'><strong>erii</strong></span> <span class='ocrx_word' id='word_1_23' title='bbox 760 433 848 470; x_wconf 80' lang='lat' dir='ltr'><strong>eorum</strong></span> <span class='ocrx_word' id='word_1_24' title='bbox 859 421 976 472; x_wconf 76' lang='lat' dir='ltr'><strong>adfldem</strong></span> <span class='ocrx_word' id='word_1_25' title='bbox 987 420 1133 486; x_wconf 54' lang='lat' dir='ltr'><strong>convehit),</strong></span> 
     </span>
     <span class='ocr_line' id='line_1_4' title="bbox 68 488 1134 549; baseline 0.019 -24"><span class='ocrx_word' id='word_1_26' title='bbox 68 493 211 547; x_wconf 56' lang='lat' dir='ltr'><strong>mon-qis?</strong></span> <span class='ocrx_word' id='word_1_27' title='bbox 535 488 583 535; x_wconf 89' lang='lat' dir='ltr'><strong>nist</strong></span> <span class='ocrx_word' id='word_1_28' title='bbox 595 488 793 549; x_wconf 74' lang='lat' dir='ltr'><strong>quasiquadam</strong></span> <span class='ocrx_word' id='word_1_29' title='bbox 802 489 1134 544; x_wconf 79' lang='lat' dir='ltr'><strong>mundttmortutsresur·</strong></span> 
     </span>
    </p>

    <p class='ocr_par' dir='ltr' id='par_1_3' title="bbox 534 556 1133 621">
     <span class='ocr_line' id='line_1_5' title="bbox 534 556 1133 621; baseline 0.02 -18"><span class='ocrx_word' id='word_1_30' title='bbox 534 556 713 606; x_wconf 75' lang='lat' dir='ltr'><strong>recitatione</strong></span> <span class='ocrx_word' id='word_1_31' title='bbox 729 559 814 621; x_wconf 88' lang='lat' dir='ltr'><strong>ltaque</strong></span> <span class='ocrx_word' id='word_1_32' title='bbox 833 561 1027 614; x_wconf 86' lang='lat' dir='ltr'><strong>conversionem</strong></span> <span class='ocrx_word' id='word_1_33' title='bbox 1045 566 1071 612; x_wconf 89' lang='lat' dir='ltr'><strong>et</strong></span> <span class='ocrx_word' id='word_1_34' title='bbox 1088 575 1133 614; x_wconf 82' lang='lat' dir='ltr'><strong>voa</strong></span> 
     </span>
    </p>
   </div>
   <div class='ocr_carea' id='block_1_3' title="bbox 100 629 1132 754">
    <p class='ocr_par' dir='ltr' id='par_1_4' title="bbox 100 629 1132 754">
     <span class='ocr_line' id='line_1_6' title="bbox 100 629 1132 754; baseline 0.015 -25"><span class='ocrx_word' id='word_1_35' title='bbox 100 676 511 743; x_wconf 83' lang='lat' dir='ltr'><strong>16.Quddsidelibatiosancta</strong></span> <span class='ocrx_word' id='word_1_36' title='bbox 534 629 782 740; x_wconf 51' lang='lat' dir='ltr'><strong>milcggllirlilgiium</strong></span> <span class='ocrx_word' id='word_1_37' title='bbox 802 688 835 738; x_wconf 87' lang='lat' dir='ltr'><strong>ad</strong></span> <span class='ocrx_word' id='word_1_38' title='bbox 852 688 929 740; x_wconf 86' lang='lat' dir='ltr'><strong>tidem</strong></span> <span class='ocrx_word' id='word_1_39' title='bbox 947 695 1092 754; x_wconf 86' lang='lat' dir='ltr'><strong>conversio,</strong></span> <span class='ocrx_word' id='word_1_40' title='bbox 1106 698 1132 743; x_wconf 87' lang='lat' dir='ltr'><strong>et</strong></span> 
     </span>
    </p>
   </div>
   <div class='ocr_carea' id='block_1_4' title="bbox 65 754 1133 1229">
    <p class='ocr_par' dir='ltr' id='par_1_5' title="bbox 65 754 1133 1164">
     <span class='ocr_line' id='line_1_7' title="bbox 65 754 1133 825; baseline 0.012 -27"><span class='ocrx_word' id='word_1_41' title='bbox 65 759 129 818; x_wconf 52' lang='lat' dir='ltr'><strong>est„</strong></span> <span class='ocrx_word' id='word_1_42' title='bbox 143 759 173 806; x_wconf 72' lang='lat' dir='ltr'><strong>oc</strong></span> <span class='ocrx_word' id='word_1_43' title='bbox 192 760 285 807; x_wconf 67' lang='lat' dir='ltr'><strong>massa</strong></span> <span class='ocrx_word' id='word_1_44' title='bbox 309 770 318 810; x_wconf 64' lang='grc' dir='ltr'>ς</span> <span class='ocrx_word' id='word_1_45' title='bbox 338 762 366 810; x_wconf 73' lang='lat' dir='ltr'><strong>ec</strong></span> <span class='ocrx_word' id='word_1_46' title='bbox 380 757 410 815; x_wconf 22' lang='lat' dir='ltr'><strong>‘si</strong></span> <span class='ocrx_word' id='word_1_47' title='bbox 431 759 509 812; x_wconf 66' lang='lat' dir='ltr'><strong>radix</strong></span> <span class='ocrx_word' id='word_1_48' title='bbox 533 767 577 817; x_wconf 87' lang='lat' dir='ltr'><strong>per</strong></span> <span class='ocrx_word' id='word_1_49' title='bbox 587 754 661 804; x_wconf 87' lang='lat' dir='ltr'><strong>tidem</strong></span> <span class='ocrx_word' id='word_1_50' title='bbox 675 768 733 805; x_wconf 87' lang='lat' dir='ltr'><strong>vera</strong></span> <span class='ocrx_word' id='word_1_51' title='bbox 747 756 913 809; x_wconf 81' lang='lat' dir='ltr'><strong>sanctificatio</strong></span> <span class='ocrx_word' id='word_1_52' title='bbox 923 796 930 819; x_wconf 92' lang='lat'>,</span> <span class='ocrx_word' id='word_1_53' title='bbox 942 759 971 809; x_wconf 88' lang='lat' dir='ltr'><strong>ed</strong></span> <span class='ocrx_word' id='word_1_54' title='bbox 984 761 1064 822; x_wconf 79' lang='lat' dir='ltr'><strong>magis</strong></span> <span class='ocrx_word' id='word_1_55' title='bbox 1076 774 1133 825; x_wconf 90' lang='lat' dir='ltr'><strong>spe·</strong></span> 
     </span>
     <span class='ocr_line' id='line_1_8' title="bbox 65 823 1131 898; baseline 0.011 -31"><span class='ocrx_word' id='word_1_56' title='bbox 65 837 221 898; x_wconf 43' lang='lat' dir='ltr'><strong>sanctam</strong></span> <span class='ocrx_word' id='word_1_57' title='bbox 235 833 315 888; x_wconf 66' lang='lat' dir='ltr'><strong>mni,</strong></span> <span class='ocrx_word' id='word_1_58' title='bbox 532 823 611 873; x_wconf 87' lang='lat' dir='ltr'><strong>rande</strong></span> <span class='ocrx_word' id='word_1_59' title='bbox 634 827 688 886; x_wconf 87' lang='lat' dir='ltr'><strong>est;</strong></span> <span class='ocrx_word' id='word_1_60' title='bbox 699 823 769 886; x_wconf 81' lang='lat' dir='ltr'><strong>quod</strong></span> <span class='ocrx_word' id='word_1_61' title='bbox 790 825 833 875; x_wconf 87' lang='lat' dir='ltr'><strong>hie</strong></span> <span class='ocrx_word' id='word_1_62' title='bbox 853 826 962 889; x_wconf 82' lang='lat' dir='ltr'><strong>populns</strong></span> <span class='ocrx_word' id='word_1_63' title='bbox 980 830 1014 878; x_wconf 84' lang='lat' dir='ltr'><strong>sit</strong></span> <span class='ocrx_word' id='word_1_64' title='bbox 1034 830 1061 877; x_wconf 91' lang='lat' dir='ltr'><strong>in</strong></span> <span class='ocrx_word' id='word_1_65' title='bbox 1077 832 1131 882; x_wconf 85' lang='lat' dir='ltr'><strong>suis</strong></span> 
     </span>
     <span class='ocr_line' id='line_1_9' title="bbox 103 894 1130 957; baseline 0.011 -19"><span class='ocrx_word' id='word_1_66' title='bbox 103 925 106 929; x_wconf 60' lang='grc'><strong><em>«</em></strong></span> <span class='ocrx_word' id='word_1_67' title='bbox 159 941 162 945; x_wconf 73' lang='grc'>,</span> <span class='ocrx_word' id='word_1_68' title='bbox 532 894 661 957; x_wconf 86' lang='lat' dir='ltr'><strong>patribus,</strong></span> <span class='ocrx_word' id='word_1_69' title='bbox 674 895 895 946; x_wconf 82' lang='lat' dir='ltr'><strong>ettnsuaradice</strong></span> <span class='ocrx_word' id='word_1_70' title='bbox 909 898 1037 949; x_wconf 80' lang='lat' dir='ltr'><strong>moraliter</strong></span> <span class='ocrx_word' id='word_1_71' title='bbox 1055 911 1130 949; x_wconf 88' lang='lat' dir='ltr'><strong>sanc·</strong></span> 
     </span>
     <span class='ocr_line' id='line_1_10' title="bbox 531 962 1131 1028; baseline 0.008 -16"><span class='ocrx_word' id='word_1_72' title='bbox 531 963 655 1024; x_wconf 75' lang='lat' dir='ltr'><strong>titteatus5</strong></span> <span class='ocrx_word' id='word_1_73' title='bbox 667 965 734 1012; x_wconf 88' lang='lat' dir='ltr'><strong>sieut</strong></span> <span class='ocrx_word' id='word_1_74' title='bbox 744 962 828 1025; x_wconf 76' lang='lat' dir='ltr'><strong>frages</strong></span> <span class='ocrx_word' id='word_1_75' title='bbox 843 968 1024 1028; x_wconf 87' lang='lat' dir='ltr'><strong>perprtmttias</strong></span> <span class='ocrx_word' id='word_1_76' title='bbox 1037 971 1131 1017; x_wconf 88' lang='lat' dir='ltr'><strong>sancti-</strong></span> 
     </span>
     <span class='ocr_line' id='line_1_11' title="bbox 471 1032 1129 1098; baseline 0.009 -16"><span class='ocrx_word' id='word_1_77' title='bbox 471 1039 474 1048; x_wconf 83' lang='lat'><em>·</em></span> <span class='ocrx_word' id='word_1_78' title='bbox 531 1032 657 1095; x_wconf 88' lang='lat' dir='ltr'><strong>tlcantur,</strong></span> <span class='ocrx_word' id='word_1_79' title='bbox 676 1035 702 1082; x_wconf 91' lang='lat' dir='ltr'><strong>et</strong></span> <span class='ocrx_word' id='word_1_80' title='bbox 725 1035 791 1082; x_wconf 86' lang='lat' dir='ltr'><strong>rami</strong></span> <span class='ocrx_word' id='word_1_81' title='bbox 817 1034 915 1085; x_wconf 78' lang='lat' dir='ltr'><strong>arhmis</strong></span> <span class='ocrx_word' id='word_1_82' title='bbox 945 1049 991 1098; x_wconf 87' lang='lat' dir='ltr'><strong>per</strong></span> <span class='ocrx_word' id='word_1_83' title='bbox 1017 1037 1129 1088; x_wconf 87' lang='lat' dir='ltr'><strong>radicem</strong></span> 
     </span>
     <span class='ocr_line' id='line_1_12' title="bbox 530 1098 1129 1164; baseline 0.008 -13"><span class='ocrx_word' id='word_1_84' title='bbox 530 1098 659 1162; x_wconf 87' lang='lat' dir='ltr'><strong>sanctam,&#39;</strong></span> <span class='ocrx_word' id='word_1_85' title='bbox 669 1113 725 1162; x_wconf 84' lang='lat' dir='ltr'><strong>qua</strong></span> <span class='ocrx_word' id='word_1_86' title='bbox 733 1114 806 1150; x_wconf 89' lang='lat' dir='ltr'><strong>snam</strong></span> <span class='ocrx_word' id='word_1_87' title='bbox 814 1106 886 1164; x_wconf 89' lang='lat' dir='ltr'><strong>quast</strong></span> <span class='ocrx_word' id='word_1_88' title='bbox 902 1105 1129 1159; x_wconf 84' lang='lat' dir='ltr'><strong>sanerissoattonem</strong></span> 
     </span>
    </p>

    <p class='ocr_par' dir='ltr' id='par_1_6' title="bbox 531 1172 775 1229">
     <span class='ocr_line' id='line_1_13' title="bbox 531 1172 775 1229; baseline -0.004 -10"><span class='ocrx_word' id='word_1_89' title='bbox 531 1173 557 1219; x_wconf 89' lang='lat' dir='ltr'><strong>in</strong></span> <span class='ocrx_word' id='word_1_90' title='bbox 571 1183 655 1220; x_wconf 86' lang='lat' dir='ltr'><strong>ramos</strong></span> <span class='ocrx_word' id='word_1_91' title='bbox 670 1172 775 1229; x_wconf 74' lang='lat' dir='ltr'><strong>trajicit.</strong></span> 
     </span>
    </p>
   </div>
   <div class='ocr_carea' id='block_1_5' title="bbox 95 1237 1128 1327">
    <p class='ocr_par' dir='ltr' id='par_1_7' title="bbox 95 1237 1128 1327">
     <span class='ocr_line' id='line_1_14' title="bbox 95 1237 1128 1327; baseline 0.003 -35"><span class='ocrx_word' id='word_1_92' title='bbox 95 1239 142 1292; x_wconf 83' lang='lat' dir='ltr'><strong>tt.</strong></span> <span class='ocrx_word' id='word_1_93' title='bbox 162 1238 246 1301; x_wconf 79' lang='lat' dir='ltr'><strong>Quod</strong></span> <span class='ocrx_word' id='word_1_94' title='bbox 262 1239 286 1292; x_wconf 91' lang='lat' dir='ltr'><strong>si</strong></span> <span class='ocrx_word' id='word_1_95' title='bbox 302 1238 387 1306; x_wconf 77' lang='lat' dir='ltr'><strong>aliqui</strong></span> <span class='ocrx_word' id='word_1_96' title='bbox 405 1253 439 1292; x_wconf 85' lang='lat' dir='ltr'><strong>ex</strong></span> <span class='ocrx_word' id='word_1_97' title='bbox 457 1253 505 1292; x_wconf 89' lang='lat' dir='ltr'><strong>ra·</strong></span> <span class='ocrx_word' id='word_1_98' title='bbox 560 1239 648 1322; x_wconf 84' lang='lat' dir='ltr'><strong>Fateor</strong></span> <span class='ocrx_word' id='word_1_99' title='bbox 665 1237 733 1299; x_wconf 89' lang='lat' dir='ltr'><strong>qudd</strong></span> <span class='ocrx_word' id='word_1_100' title='bbox 748 1238 827 1327; x_wconf 78' lang='lat' dir='ltr'><strong>aliqui</strong></span> <span class='ocrx_word' id='word_1_101' title='bbox 846 1243 911 1293; x_wconf 88' lang='lat' dir='ltr'><strong>rarnt</strong></span> <span class='ocrx_word' id='word_1_102' title='bbox 931 1243 961 1292; x_wconf 85' lang='lat' dir='ltr'><strong>nh</strong></span> <span class='ocrx_word' id='word_1_103' title='bbox 976 1243 1063 1295; x_wconf 91' lang='lat' dir='ltr'><strong>arbore</strong></span> <span class='ocrx_word' id='word_1_104' title='bbox 1079 1246 1128 1296; x_wconf 91' lang='lat' dir='ltr'><strong>hac</strong></span> 
     </span>
    </p>
   </div>
   <div class='ocr_carea' id='block_1_6' title="bbox 60 1394 1127 1635">
    <p class='ocr_par' dir='ltr' id='par_1_8' title="bbox 60 1394 1127 1635">
     <span class='ocr_line' id='line_1_15' title="bbox 60 1394 1127 1489; baseline 0.012 -21"><span class='ocrx_word' id='word_1_105' title='bbox 60 1424 144 1470; x_wconf 88' lang='lat' dir='ltr'><strong>totum</strong></span> <span class='ocrx_word' id='word_1_106' title='bbox 155 1424 283 1472; x_wconf 87' lang='lat' dir='ltr'><strong>terrarum</strong></span> <span class='ocrx_word' id='word_1_107' title='bbox 294 1423 380 1473; x_wconf 88' lang='lat' dir='ltr'><strong>orbem</strong></span> <span class='ocrx_word' id='word_1_108' title='bbox 390 1394 555 1485; x_wconf 83' lang='lat' dir='ltr'><strong>dlttusarnm;</strong></span> <span class='ocrx_word' id='word_1_109' title='bbox 566 1437 620 1485; x_wconf 81' lang='lat' dir='ltr'><strong>qua</strong></span> <span class='ocrx_word' id='word_1_110' title='bbox 633 1424 785 1486; x_wconf 78' lang='lat' dir='ltr'><strong>mmmpeio,</strong></span> <span class='ocrx_word' id='word_1_111' title='bbox 793 1425 819 1473; x_wconf 91' lang='lat' dir='ltr'><strong>id</strong></span> <span class='ocrx_word' id='word_1_112' title='bbox 833 1425 883 1489; x_wconf 82' lang='lat' dir='ltr'><strong>esi,</strong></span> <span class='ocrx_word' id='word_1_113' title='bbox 891 1426 952 1488; x_wconf 92' lang='lat' dir='ltr'><strong>quld</strong></span> <span class='ocrx_word' id='word_1_114' title='bbox 967 1430 1015 1477; x_wconf 90' lang='lat' dir='ltr'><strong>erit</strong></span> <span class='ocrx_word' id='word_1_115' title='bbox 1025 1403 1127 1482; x_wconf 85' lang='lat' dir='ltr'><strong>illorum</strong></span> 
     </span>
     <span class='ocr_line' id='line_1_16' title="bbox 61 1492 971 1554; baseline 0.005 -15"><span class='ocrx_word' id='word_1_116' title='bbox 61 1492 209 1553; x_wconf 85' lang='lat' dir='ltr'><strong>conversio,</strong></span> <span class='ocrx_word' id='word_1_117' title='bbox 221 1503 358 1554; x_wconf 88' lang='lat' dir='ltr'><strong>eorumque</strong></span> <span class='ocrx_word' id='word_1_118' title='bbox 369 1493 402 1542; x_wconf 91' lang='lat' dir='ltr'><strong>ad</strong></span> <span class='ocrx_word' id='word_1_119' title='bbox 410 1492 491 1542; x_wconf 80' lang='lat' dir='ltr'><strong>tidem</strong></span> <span class='ocrx_word' id='word_1_120' title='bbox 505 1494 657 1554; x_wconf 87' lang='lat' dir='ltr'><strong>assumptio,</strong></span> <span class='ocrx_word' id='word_1_121' title='bbox 668 1505 712 1542; x_wconf 90' lang='lat' dir='ltr'><strong>seu</strong></span> <span class='ocrx_word' id='word_1_122' title='bbox 723 1493 874 1553; x_wconf 74' lang='lat' dir='ltr'><strong>adjunctio?</strong></span> <span class='ocrx_word' id='word_1_123' title='bbox 967 1499 971 1503; x_wconf 82' lang='lat'>&#39;</span> 
     </span>
     <span class='ocr_line' id='line_1_17' title="bbox 90 1565 1127 1635; baseline 0.012 -22"><span class='ocrx_word' id='word_1_124' title='bbox 90 1565 148 1613; x_wconf 74' lang='lat' dir='ltr'><strong>Nisa·</strong></span> <span class='ocrx_word' id='word_1_125' title='bbox 162 1565 217 1624; x_wconf 74' lang='lat' dir='ltr'><strong>cito</strong></span> <span class='ocrx_word' id='word_1_126' title='bbox 228 1579 258 1615; x_wconf 82' lang='lat' dir='ltr'><strong>ec</strong></span> <span class='ocrx_word' id='word_1_127' title='bbox 271 1567 397 1618; x_wconf 73' lang='lat' dir='ltr'><strong>mortuis)</strong></span> <span class='ocrx_word' id='word_1_128' title='bbox 410 1567 500 1627; x_wconf 87' lang='lat' dir='ltr'><strong>idest,</strong></span> <span class='ocrx_word' id='word_1_129' title='bbox 514 1567 618 1630; x_wconf 81' lang='lat' dir='ltr'><strong>perinde</strong></span> <span class='ocrx_word' id='word_1_130' title='bbox 634 1569 683 1617; x_wconf 87' lang='lat' dir='ltr'><strong>ertt</strong></span> <span class='ocrx_word' id='word_1_131' title='bbox 693 1579 724 1616; x_wconf 91' lang='lat' dir='ltr'><strong>ac</strong></span> <span class='ocrx_word' id='word_1_132' title='bbox 735 1569 755 1618; x_wconf 89' lang='lat' dir='ltr'><strong>si</strong></span> <span class='ocrx_word' id='word_1_133' title='bbox 767 1568 881 1618; x_wconf 87' lang='lat' dir='ltr'><strong>mundns</strong></span> <span class='ocrx_word' id='word_1_134' title='bbox 896 1581 926 1618; x_wconf 85' lang='lat' dir='ltr'><strong>ex</strong></span> <span class='ocrx_word' id='word_1_135' title='bbox 936 1584 988 1621; x_wconf 91' lang='lat' dir='ltr'><strong>una</strong></span> <span class='ocrx_word' id='word_1_136' title='bbox 999 1572 1039 1622; x_wconf 89' lang='lat' dir='ltr'><strong>sni</strong></span> <span class='ocrx_word' id='word_1_137' title='bbox 1054 1578 1127 1635; x_wconf 88' lang='lat' dir='ltr'><strong>parte</strong></span> 
     </span>
    </p>
   </div>
   <div class='ocr_carea' id='block_1_7' title="bbox 59 1630 1127 1753">
    <p class='ocr_par' dir='ltr' id='par_1_9' title="bbox 59 1630 1127 1753">
     <span class='ocr_line' id='line_1_18' title="bbox 59 1630 1127 1714; baseline 0.011 -33"><span class='ocrx_word' id='word_1_138' title='bbox 59 1637 192 1714; x_wconf 74' lang='lat' dir='ltr'><strong>mortuus,</strong></span> <span class='ocrx_word' id='word_1_139' title='bbox 205 1635 301 1698; x_wconf 79' lang='lat' dir='ltr'><strong>integri</strong></span> <span class='ocrx_word' id='word_1_140' title='bbox 312 1638 446 1687; x_wconf 76' lang='lat' dir='ltr'><strong>reviviscat</strong></span> <span class='ocrx_word' id='word_1_141' title='bbox 453 1673 461 1698; x_wconf 88' lang='lat'><em>,</em></span> <span class='ocrx_word' id='word_1_142' title='bbox 469 1630 571 1688; x_wconf 87' lang='lat' dir='ltr'><strong>illorum</strong></span> <span class='ocrx_word' id='word_1_143' title='bbox 582 1635 649 1698; x_wconf 79' lang='lat' dir='ltr'><strong>ergo,</strong></span> <span class='ocrx_word' id='word_1_144' title='bbox 657 1638 682 1686; x_wconf 87' lang='lat' dir='ltr'><strong>et</strong></span> <span class='ocrx_word' id='word_1_145' title='bbox 692 1648 737 1693; x_wconf 87' lang='lat' dir='ltr'><strong>vos</strong></span> <span class='ocrx_word' id='word_1_146' title='bbox 748 1639 773 1686; x_wconf 91' lang='lat' dir='ltr'><strong>et</strong></span> <span class='ocrx_word' id='word_1_147' title='bbox 784 1648 830 1698; x_wconf 76' lang='lat' dir='ltr'><strong>ego</strong></span> <span class='ocrx_word' id='word_1_148' title='bbox 837 1635 956 1689; x_wconf 87' lang='lat' dir='ltr'><strong>dehemus</strong></span> <span class='ocrx_word' id='word_1_149' title='bbox 970 1645 1056 1705; x_wconf 85' lang='lat' dir='ltr'><strong>optare</strong></span> <span class='ocrx_word' id='word_1_150' title='bbox 1068 1656 1127 1693; x_wconf 88' lang='lat' dir='ltr'><strong>eon·</strong></span> 
     </span>
     <span class='ocr_line' id='line_1_19' title="bbox 59 1714 212 1753; baseline 0.02 -3"><span class='ocrx_word' id='word_1_151' title='bbox 59 1714 212 1753; x_wconf 83' lang='lat' dir='ltr'><strong>versionem.</strong></span> 
     </span>
    </p>
   </div>
   <div class='ocr_carea' id='block_1_8' title="bbox 57 1785 1123 2336">
    <p class='ocr_par' dir='ltr' id='par_1_10' title="bbox 59 1785 1123 1917">
     <span class='ocr_line' id='line_1_20' title="bbox 87 1785 1123 1854; baseline 0.008 -21"><span class='ocrx_word' id='word_1_152' title='bbox 87 1789 128 1835; x_wconf 77' lang='lat' dir='ltr'><strong>td.</strong></span> <span class='ocrx_word' id='word_1_153' title='bbox 141 1785 215 1844; x_wconf 81' lang='lat' dir='ltr'><strong>Quo&#39;d</strong></span> <span class='ocrx_word' id='word_1_154' title='bbox 224 1787 251 1835; x_wconf 81' lang='lat' dir='ltr'><strong>si</strong></span> <span class='ocrx_word' id='word_1_155' title='bbox 264 1787 382 1837; x_wconf 82' lang='lat' dir='ltr'><strong>delibatio</strong></span> <span class='ocrx_word' id='word_1_156' title='bbox 397 1792 486 1837; x_wconf 80' lang='lat' dir='ltr'><strong>saneto</strong></span> <span class='ocrx_word' id='word_1_157' title='bbox 504 1792 552 1845; x_wconf 82' lang='lat' dir='ltr'><strong>est,</strong></span> <span class='ocrx_word' id='word_1_158' title='bbox 564 1791 587 1836; x_wconf 81' lang='lat' dir='ltr'><strong>et</strong></span> <span class='ocrx_word' id='word_1_159' title='bbox 600 1799 685 1836; x_wconf 80' lang='lat' dir='ltr'><strong>moeso</strong></span> <span class='ocrx_word' id='word_1_160' title='bbox 687 1820 735 1842; x_wconf 80' lang='lat'><strong>.....</strong></span> <span class='ocrx_word' id='word_1_161' title='bbox 747 1786 791 1837; x_wconf 86' lang='lat' dir='ltr'><strong>Gr.</strong></span> <span class='ocrx_word' id='word_1_162' title='bbox 803 1785 870 1848; x_wconf 84' lang='lat' dir='ltr'><strong>quod</strong></span> <span class='ocrx_word' id='word_1_163' title='bbox 888 1790 909 1838; x_wconf 91' lang='lat' dir='ltr'><strong>si</strong></span> <span class='ocrx_word' id='word_1_164' title='bbox 927 1790 1053 1852; x_wconf 73' lang='lat' dir='ltr'><strong>primitia.</strong></span> <span class='ocrx_word' id='word_1_165' title='bbox 1067 1791 1123 1854; x_wconf 81' lang='lat' dir='ltr'><strong>Syr.</strong></span> 
     </span>
     <span class='ocr_line' id='line_1_21' title="bbox 59 1855 384 1917; baseline 0.009 -14"><span class='ocrx_word' id='word_1_166' title='bbox 59 1855 101 1903; x_wconf 87' lang='lat' dir='ltr'><strong>sed</strong></span> <span class='ocrx_word' id='word_1_167' title='bbox 112 1856 135 1904; x_wconf 91' lang='lat' dir='ltr'><strong>si</strong></span> <span class='ocrx_word' id='word_1_168' title='bbox 141 1856 267 1917; x_wconf 74' lang='lat' dir='ltr'><strong>primitia</strong></span> <span class='ocrx_word' id='word_1_169' title='bbox 280 1860 384 1906; x_wconf 81' lang='lat' dir='ltr'><strong>sancta.</strong></span> 
     </span>
    </p>

    <p class='ocr_par' dir='ltr' id='par_1_11' title="bbox 57 1924 1123 2268">
     <span class='ocr_line' id='line_1_22' title="bbox 86 1924 1123 1993; baseline 0.009 -20"><span class='ocrx_word' id='word_1_170' title='bbox 86 1924 192 1974; x_wconf 75' lang='lat' dir='ltr'><strong>humus</strong></span> <span class='ocrx_word' id='word_1_171' title='bbox 202 1926 356 1989; x_wconf 83' lang='lat' dir='ltr'><strong>metaphoris</strong></span> <span class='ocrx_word' id='word_1_172' title='bbox 367 1925 476 1976; x_wconf 88' lang='lat' dir='ltr'><strong>ostendit</strong></span> <span class='ocrx_word' id='word_1_173' title='bbox 490 1939 542 1976; x_wconf 93' lang='lat' dir='ltr'><strong>non</strong></span> <span class='ocrx_word' id='word_1_174' title='bbox 555 1925 725 1988; x_wconf 80' lang='lat' dir='ltr'><strong>aspernandos</strong></span> <span class='ocrx_word' id='word_1_175' title='bbox 735 1926 911 1989; x_wconf 81' lang='lat' dir='ltr'><strong>esseludaeos,</strong></span> <span class='ocrx_word' id='word_1_176' title='bbox 919 1941 966 1979; x_wconf 91' lang='lat' dir='ltr'><strong>nec</strong></span> <span class='ocrx_word' id='word_1_177' title='bbox 977 1929 1123 1993; x_wconf 82' lang='lat' dir='ltr'><strong>tugiend0s;</strong></span> 
     </span>
     <span class='ocr_line' id='line_1_23' title="bbox 58 1992 1123 2062; baseline 0.009 -22"><span class='ocrx_word' id='word_1_178' title='bbox 58 1992 109 2041; x_wconf 83' lang='lat' dir='ltr'><strong>imo</strong></span> <span class='ocrx_word' id='word_1_179' title='bbox 123 1993 275 2056; x_wconf 73' lang='lat' dir='ltr'><strong>spermdm</strong></span> <span class='ocrx_word' id='word_1_180' title='bbox 290 1995 393 2045; x_wconf 89' lang='lat' dir='ltr'><strong>illorum</strong></span> <span class='ocrx_word' id='word_1_181' title='bbox 408 1997 615 2056; x_wconf 86' lang='lat' dir='ltr'><strong>conversionem,</strong></span> <span class='ocrx_word' id='word_1_182' title='bbox 630 1999 655 2044; x_wconf 84' lang='lat' dir='ltr'><strong>et</strong></span> <span class='ocrx_word' id='word_1_183' title='bbox 671 1994 763 2044; x_wconf 91' lang='lat' dir='ltr'><strong>adhoc</strong></span> <span class='ocrx_word' id='word_1_184' title='bbox 776 1994 958 2059; x_wconf 89' lang='lat' dir='ltr'><strong>laborandum,</strong></span> <span class='ocrx_word' id='word_1_185' title='bbox 976 2004 1062 2062; x_wconf 87' lang='lat' dir='ltr'><strong>utpote</strong></span> <span class='ocrx_word' id='word_1_186' title='bbox 1078 2004 1123 2062; x_wconf 89' lang='lat' dir='ltr'><strong>qul</strong></span> 
     </span>
     <span class='ocr_line' id='line_1_24' title="bbox 57 2061 1123 2129; baseline 0.009 -19"><span class='ocrx_word' id='word_1_187' title='bbox 57 2061 164 2129; x_wconf 79' lang='lat' dir='ltr'><strong>legalem</strong></span> <span class='ocrx_word' id='word_1_188' title='bbox 176 2069 201 2113; x_wconf 85' lang='lat' dir='ltr'><strong>et</strong></span> <span class='ocrx_word' id='word_1_189' title='bbox 211 2064 355 2119; x_wconf 87' lang='lat' dir='ltr'><strong>naturalem</strong></span> <span class='ocrx_word' id='word_1_190' title='bbox 365 2065 501 2127; x_wconf 87' lang='lat' dir='ltr'><strong>quamdam</strong></span> <span class='ocrx_word' id='word_1_191' title='bbox 511 2064 606 2114; x_wconf 85' lang='lat' dir='ltr'><strong>hahent</strong></span> <span class='ocrx_word' id='word_1_192' title='bbox 617 2065 790 2126; x_wconf 80' lang='lat' dir='ltr'><strong>sanctitatem,</strong></span> <span class='ocrx_word' id='word_1_193' title='bbox 804 2077 943 2129; x_wconf 85' lang='lat' dir='ltr'><strong>verumque</strong></span> <span class='ocrx_word' id='word_1_194' title='bbox 957 2070 1074 2129; x_wconf 84' lang='lat' dir='ltr'><strong>sperandi</strong></span> <span class='ocrx_word' id='word_1_195' title='bbox 1084 2070 1123 2119; x_wconf 93' lang='lat' dir='ltr'><strong>lo-</strong></span> 
     </span>
     <span class='ocr_line' id='line_1_25' title="bbox 57 2135 1123 2207; baseline 0.008 -26"><span class='ocrx_word' id='word_1_196' title='bbox 57 2146 118 2181; x_wconf 90' lang='lat' dir='ltr'><strong>enm</strong></span> <span class='ocrx_word' id='word_1_197' title='bbox 126 2171 132 2193; x_wconf 86' lang='lat'>,</span> <span class='ocrx_word' id='word_1_198' title='bbox 140 2135 168 2183; x_wconf 91' lang='lat' dir='ltr'><strong>tn</strong></span> <span class='ocrx_word' id='word_1_199' title='bbox 180 2144 332 2196; x_wconf 88' lang='lat' dir='ltr'><strong>quocunque</strong></span> <span class='ocrx_word' id='word_1_200' title='bbox 340 2137 392 2184; x_wconf 89' lang='lat' dir='ltr'><strong>sint</strong></span> <span class='ocrx_word' id='word_1_201' title='bbox 404 2138 471 2184; x_wconf 88' lang='lat' dir='ltr'><strong>statu</strong></span> <span class='ocrx_word' id='word_1_202' title='bbox 479 2155 487 2197; x_wconf 79' lang='lat' dir='ltr'><strong>l</strong></span> <span class='ocrx_word' id='word_1_203' title='bbox 496 2137 521 2184; x_wconf 90' lang='lat' dir='ltr'><strong>et</strong></span> <span class='ocrx_word' id='word_1_204' title='bbox 529 2138 710 2196; x_wconf 86' lang='lat' dir='ltr'><strong>consequenter</strong></span> <span class='ocrx_word' id='word_1_205' title='bbox 720 2138 826 2197; x_wconf 91' lang='lat' dir='ltr'><strong>possunt</strong></span> <span class='ocrx_word' id='word_1_206' title='bbox 843 2137 955 2186; x_wconf 87' lang='lat' dir='ltr'><strong>converti</strong></span> <span class='ocrx_word' id='word_1_207' title='bbox 962 2158 972 2198; x_wconf 84' lang='lat'><strong>,-</strong></span> <span class='ocrx_word' id='word_1_208' title='bbox 980 2137 1123 2207; x_wconf 85' lang='lat' dir='ltr'><strong>Christique</strong></span> 
     </span>
     <span class='ocr_line' id='line_1_26' title="bbox 57 2202 433 2268; baseline 0.005 -16"><span class='ocrx_word' id='word_1_209' title='bbox 57 2202 276 2266; x_wconf 74' lang='lat' dir='ltr'><strong>fidemnmplectt.</strong></span> <span class='ocrx_word' id='word_1_210' title='bbox 431 2263 433 2268; x_wconf 89' lang='lat'><em>.</em></span> 
     </span>
    </p>

    <p class='ocr_par' dir='ltr' id='par_1_12' title="bbox 89 2272 1122 2336">
     <span class='ocr_line' id='line_1_27' title="bbox 89 2272 1122 2336; baseline 0.007 -15"><span class='ocrx_word' id='word_1_211' title='bbox 89 2279 114 2321; x_wconf 84' lang='lat'><strong>1·</strong></span> <span class='ocrx_word' id='word_1_212' title='bbox 126 2272 270 2336; x_wconf 85' lang='lat' dir='ltr'><strong>lteiaphora</strong></span> <span class='ocrx_word' id='word_1_213' title='bbox 283 2274 393 2323; x_wconf 90' lang='lat' dir='ltr'><strong>sumttur</strong></span> <span class='ocrx_word' id='word_1_214' title='bbox 406 2273 420 2323; x_wconf 80' lang='lat' dir='ltr'><strong>h</strong></span> <span class='ocrx_word' id='word_1_215' title='bbox 431 2273 565 2336; x_wconf 87' lang='lat' dir='ltr'><strong>primitiis,</strong></span> <span class='ocrx_word' id='word_1_216' title='bbox 579 2285 623 2322; x_wconf 89' lang='lat' dir='ltr'><strong>seu</strong></span> <span class='ocrx_word' id='word_1_217' title='bbox 639 2272 671 2322; x_wconf 89' lang='lat' dir='ltr'><strong>ah</strong></span> <span class='ocrx_word' id='word_1_218' title='bbox 684 2285 713 2322; x_wconf 92' lang='lat' dir='ltr'><strong>ea</strong></span> <span class='ocrx_word' id='word_1_219' title='bbox 729 2272 854 2323; x_wconf 88' lang='lat' dir='ltr'><strong>oblatione</strong></span> <span class='ocrx_word' id='word_1_220' title='bbox 867 2287 923 2336; x_wconf 80' lang='lat' dir='ltr'><strong>qna</strong></span> <span class='ocrx_word' id='word_1_221' title='bbox 938 2275 1013 2326; x_wconf 90' lang='lat' dir='ltr'><strong>tiebat</strong></span> <span class='ocrx_word' id='word_1_222' title='bbox 1029 2276 1059 2325; x_wconf 89' lang='lat' dir='ltr'><strong>de</strong></span> <span class='ocrx_word' id='word_1_223' title='bbox 1071 2276 1122 2328; x_wconf 88' lang='lat' dir='ltr'><strong>tru-</strong></span> 
     </span>
    </p>
   </div>
   <div class='ocr_carea' id='block_1_9' title="bbox 56 2337 1222 2409">
    <p class='ocr_par' dir='ltr' id='par_1_13' title="bbox 56 2337 1222 2409">
     <span class='ocr_line' id='line_1_28' title="bbox 56 2337 1222 2409; baseline 0.004 -17"><span class='ocrx_word' id='word_1_224' title='bbox 56 2344 129 2404; x_wconf 83' lang='lat' dir='ltr'><strong>gihus</strong></span> <span class='ocrx_word' id='word_1_225' title='bbox 144 2345 266 2409; x_wconf 86' lang='lat' dir='ltr'><strong>maturis,</strong></span> <span class='ocrx_word' id='word_1_226' title='bbox 279 2345 304 2392; x_wconf 85' lang='lat' dir='ltr'><strong>et</strong></span> <span class='ocrx_word' id='word_1_227' title='bbox 315 2355 371 2404; x_wconf 75' lang='lat' dir='ltr'><strong>qna</strong></span> <span class='ocrx_word' id='word_1_228' title='bbox 382 2337 461 2402; x_wconf 83' lang='lat' dir='ltr'><strong>totam</strong></span> <span class='ocrx_word' id='word_1_229' title='bbox 473 2356 582 2393; x_wconf 87' lang='lat' dir='ltr'><strong>massam</strong></span> <span class='ocrx_word' id='word_1_230' title='bbox 598 2342 771 2393; x_wconf 82' lang='lat' dir='ltr'><strong>sanctificabat</strong></span> <span class='ocrx_word' id='word_1_231' title='bbox 788 2344 876 2394; x_wconf 90' lang='lat' dir='ltr'><strong>morali</strong></span> <span class='ocrx_word' id='word_1_232' title='bbox 890 2347 998 2407; x_wconf 82' lang='lat' dir='ltr'><strong>quddam</strong></span> <span class='ocrx_word' id='word_1_233' title='bbox 1012 2348 1122 2398; x_wconf 88' lang='lat' dir='ltr'><strong>aestima-</strong></span> <span class='ocrx_word' id='word_1_234' title='bbox 1187 2360 1192 2365; x_wconf 93' lang='lat'>·</span> <span class='ocrx_word' id='word_1_235' title='bbox 1211 2364 1222 2379; x_wconf 92' lang='lat'><strong>··</strong></span> 
     </span>
    </p>
   </div>
   <div class='ocr_carea' id='block_1_10' title="bbox 48 2412 1121 3933">
    <p class='ocr_par' dir='ltr' id='par_1_14' title="bbox 56 2412 1046 2476">
     <span class='ocr_line' id='line_1_29' title="bbox 56 2412 1046 2476; baseline 0.004 -14"><span class='ocrx_word' id='word_1_236' title='bbox 56 2416 125 2462; x_wconf 88' lang='lat' dir='ltr'><strong>tione</strong></span> <span class='ocrx_word' id='word_1_237' title='bbox 132 2433 139 2473; x_wconf 86' lang='lat'>;</span> <span class='ocrx_word' id='word_1_238' title='bbox 152 2415 187 2462; x_wconf 86' lang='lat' dir='ltr'><strong>tta</strong></span> <span class='ocrx_word' id='word_1_239' title='bbox 201 2416 229 2461; x_wconf 92' lang='lat' dir='ltr'><strong>ut</strong></span> <span class='ocrx_word' id='word_1_240' title='bbox 240 2412 380 2475; x_wconf 88' lang='lat' dir='ltr'><strong>reliquum,</strong></span> <span class='ocrx_word' id='word_1_241' title='bbox 391 2427 418 2464; x_wconf 90' lang='lat' dir='ltr'><strong>v.</strong></span> <span class='ocrx_word' id='word_1_242' title='bbox 430 2426 464 2476; x_wconf 69' lang='grc'><strong>3.,</strong></span> <span class='ocrx_word' id='word_1_243' title='bbox 473 2413 594 2462; x_wconf 88' lang='lat' dir='ltr'><strong>trumentt</strong></span> <span class='ocrx_word' id='word_1_244' title='bbox 607 2426 728 2476; x_wconf 87' lang='lat' dir='ltr'><strong>coquere,</strong></span> <span class='ocrx_word' id='word_1_245' title='bbox 741 2417 768 2464; x_wconf 89' lang='lat' dir='ltr'><strong>et</strong></span> <span class='ocrx_word' id='word_1_246' title='bbox 783 2427 813 2474; x_wconf 66' lang='lat' dir='ltr'><strong>ex,</strong></span> <span class='ocrx_word' id='word_1_247' title='bbox 829 2427 858 2464; x_wconf 88' lang='lat' dir='ltr'><strong>eo</strong></span> <span class='ocrx_word' id='word_1_248' title='bbox 871 2418 939 2466; x_wconf 85' lang='lat' dir='ltr'><strong>vosct</strong></span> <span class='ocrx_word' id='word_1_249' title='bbox 950 2416 1046 2466; x_wconf 86' lang='lat' dir='ltr'><strong>liceret.</strong></span> 
     </span>
    </p>

    <p class='ocr_par' dir='ltr' id='par_1_15' title="bbox 55 2481 1121 2757">
     <span class='ocr_line' id='line_1_30' title="bbox 85 2481 1121 2548; baseline 0.005 -17"><span class='ocrx_word' id='word_1_250' title='bbox 85 2485 112 2531; x_wconf 83' lang='lat'><strong>2·</strong></span> <span class='ocrx_word' id='word_1_251' title='bbox 124 2482 241 2533; x_wconf 86' lang='lat' dir='ltr'><strong>Sumtlur</strong></span> <span class='ocrx_word' id='word_1_252' title='bbox 260 2481 275 2530; x_wconf 86' lang='lat' dir='ltr'><strong>d</strong></span> <span class='ocrx_word' id='word_1_253' title='bbox 295 2481 392 2542; x_wconf 87' lang='lat' dir='ltr'><strong>radice,</strong></span> <span class='ocrx_word' id='word_1_254' title='bbox 411 2493 467 2543; x_wconf 81' lang='lat' dir='ltr'><strong>qna</strong></span> <span class='ocrx_word' id='word_1_255' title='bbox 479 2494 563 2531; x_wconf 89' lang='lat' dir='ltr'><strong>ramos</strong></span> <span class='ocrx_word' id='word_1_256' title='bbox 579 2482 735 2544; x_wconf 88' lang='lat' dir='ltr'><strong>sanctiticat;</strong></span> <span class='ocrx_word' id='word_1_257' title='bbox 754 2485 826 2544; x_wconf 90' lang='lat' dir='ltr'><strong>quasi</strong></span> <span class='ocrx_word' id='word_1_258' title='bbox 843 2483 938 2534; x_wconf 88' lang='lat' dir='ltr'><strong>diceret</strong></span> <span class='ocrx_word' id='word_1_259' title='bbox 951 2505 958 2535; x_wconf 74' lang='lat' dir='ltr'><strong>e</strong></span> <span class='ocrx_word' id='word_1_260' title='bbox 972 2485 1082 2548; x_wconf 78' lang='lat' dir='ltr'><strong>Apostoli</strong></span> <span class='ocrx_word' id='word_1_261' title='bbox 1096 2491 1121 2536; x_wconf 85' lang='lat' dir='ltr'><strong>et</strong></span> 
     </span>
     <span class='ocr_line' id='line_1_31' title="bbox 56 2549 1120 2619; baseline 0.004 -18"><span class='ocrx_word' id='word_1_262' title='bbox 56 2554 131 2614; x_wconf 85' lang='lat' dir='ltr'><strong>primi</strong></span> <span class='ocrx_word' id='word_1_263' title='bbox 148 2549 285 2613; x_wconf 86' lang='lat' dir='ltr'><strong>discipuli,</strong></span> <span class='ocrx_word' id='word_1_264' title='bbox 302 2550 502 2600; x_wconf 76' lang='lat' dir='ltr'><strong>ChristIanorum</strong></span> <span class='ocrx_word' id='word_1_265' title='bbox 518 2553 650 2614; x_wconf 81' lang='lat' dir='ltr'><strong>primitia,</strong></span> <span class='ocrx_word' id='word_1_266' title='bbox 665 2553 835 2619; x_wconf 80' lang='lat' dir='ltr'><strong>sanctisunt,</strong></span> <span class='ocrx_word' id='word_1_267' title='bbox 850 2555 875 2602; x_wconf 88' lang='lat' dir='ltr'><strong>et</strong></span> <span class='ocrx_word' id='word_1_268' title='bbox 888 2553 1052 2616; x_wconf 81' lang='lat' dir='ltr'><strong>Evangelium</strong></span> <span class='ocrx_word' id='word_1_269' title='bbox 1063 2568 1120 2605; x_wconf 90' lang='lat' dir='ltr'><strong>am·</strong></span> 
     </span>
     <span class='ocr_line' id='line_1_32' title="bbox 56 2620 1119 2684; baseline 0.006 -16"><span class='ocrx_word' id='word_1_270' title='bbox 56 2621 121 2682; x_wconf 84' lang='lat' dir='ltr'><strong>plexi</strong></span> <span class='ocrx_word' id='word_1_271' title='bbox 137 2624 213 2682; x_wconf 89' lang='lat' dir='ltr'><strong>sunt,</strong></span> <span class='ocrx_word' id='word_1_272' title='bbox 225 2632 299 2681; x_wconf 83' lang='lat' dir='ltr'><strong>ergo,</strong></span> <span class='ocrx_word' id='word_1_273' title='bbox 317 2623 364 2671; x_wconf 86' lang='lat' dir='ltr'><strong>ete.</strong></span> <span class='ocrx_word' id='word_1_274' title='bbox 379 2624 428 2670; x_wconf 88' lang='lat' dir='ltr'><strong>stc.</strong></span> <span class='ocrx_word' id='word_1_275' title='bbox 445 2620 610 2683; x_wconf 74' lang='lat' dir='ltr'><strong>patriarcha,</strong></span> <span class='ocrx_word' id='word_1_276' title='bbox 621 2620 764 2684; x_wconf 81' lang='lat' dir='ltr'><strong>Propheta,</strong></span> <span class='ocrx_word' id='word_1_277' title='bbox 779 2621 863 2672; x_wconf 79' lang='lat' dir='ltr'><strong>Patres</strong></span> <span class='ocrx_word' id='word_1_278' title='bbox 880 2622 1025 2675; x_wconf 81' lang='lat' dir='ltr'><strong>iudeorum</strong></span> <span class='ocrx_word' id='word_1_279' title='bbox 1038 2626 1119 2674; x_wconf 77' lang='lat' dir='ltr'><strong>sanoh</strong></span> 
     </span>
     <span class='ocr_line' id='line_1_33' title="bbox 55 2691 609 2757; baseline 0.002 -19"><span class='ocrx_word' id='word_1_280' title='bbox 55 2694 132 2741; x_wconf 82' lang='lat' dir='ltr'><strong>sunt:</strong></span> <span class='ocrx_word' id='word_1_281' title='bbox 151 2691 226 2752; x_wconf 74' lang='lat' dir='ltr'><strong>ergo,</strong></span> <span class='ocrx_word' id='word_1_282' title='bbox 237 2693 286 2740; x_wconf 88' lang='lat' dir='ltr'><strong>ete.</strong></span> <span class='ocrx_word' id='word_1_283' title='bbox 327 2750 329 2754; x_wconf 15' lang='grc' dir='ltr'><em>Α</em></span> <span class='ocrx_word' id='word_1_284' title='bbox 606 2752 609 2757; x_wconf 25' lang='lat'><em>⁴</em></span> 
     </span>
    </p>

    <p class='ocr_par' dir='ltr' id='par_1_16' title="bbox 54 2758 1119 3034">
     <span class='ocr_line' id='line_1_34' title="bbox 83 2758 1119 2827; baseline 0.003 -18"><span class='ocrx_word' id='word_1_285' title='bbox 83 2761 136 2809; x_wconf 84' lang='lat' dir='ltr'><strong>Hoc</strong></span> <span class='ocrx_word' id='word_1_286' title='bbox 148 2759 204 2809; x_wconf 91' lang='lat' dir='ltr'><strong>loco</strong></span> <span class='ocrx_word' id='word_1_287' title='bbox 217 2758 337 2809; x_wconf 84' lang='lat' dir='ltr'><strong>Calvinus</strong></span> <span class='ocrx_word' id='word_1_288' title='bbox 347 2759 460 2810; x_wconf 84' lang='lat' dir='ltr'><strong>abutitur</strong></span> <span class='ocrx_word' id='word_1_289' title='bbox 474 2759 506 2808; x_wconf 94' lang='lat' dir='ltr'><strong>ad</strong></span> <span class='ocrx_word' id='word_1_290' title='bbox 518 2759 676 2822; x_wconf 87' lang='lat' dir='ltr'><strong>probandum</strong></span> <span class='ocrx_word' id='word_1_291' title='bbox 684 2772 775 2824; x_wconf 86' lang='lat' dir='ltr'><strong>pueros</strong></span> <span class='ocrx_word' id='word_1_292' title='bbox 786 2759 986 2813; x_wconf 82' lang='lat' dir='ltr'><strong>Christianorum</strong></span> <span class='ocrx_word' id='word_1_293' title='bbox 995 2761 1119 2827; x_wconf 82' lang='lat' dir='ltr'><strong>baptismo</strong></span> 
     </span>
     <span class='ocr_line' id='line_1_35' title="bbox 55 2829 1117 2897; baseline 0.003 -17"><span class='ocrx_word' id='word_1_294' title='bbox 55 2843 105 2880; x_wconf 91' lang='lat' dir='ltr'><strong>non</strong></span> <span class='ocrx_word' id='word_1_295' title='bbox 117 2842 206 2894; x_wconf 78' lang='lat' dir='ltr'><strong>egere3</strong></span> <span class='ocrx_word' id='word_1_296' title='bbox 223 2829 268 2880; x_wconf 90' lang='lat' dir='ltr'><strong>sed</strong></span> <span class='ocrx_word' id='word_1_297' title='bbox 284 2829 350 2879; x_wconf 82' lang='lat' dir='ltr'><strong>male</strong></span> <span class='ocrx_word' id='word_1_298' title='bbox 362 2849 369 2880; x_wconf 71' lang='grc' dir='ltr'><strong><em>ε</em></strong></span> <span class='ocrx_word' id='word_1_299' title='bbox 381 2832 514 2879; x_wconf 86' lang='lat' dir='ltr'><strong>nonenim</strong></span> <span class='ocrx_word' id='word_1_300' title='bbox 527 2830 638 2897; x_wconf 86' lang='lat' dir='ltr'><strong>loquitur</strong></span> <span class='ocrx_word' id='word_1_301' title='bbox 652 2830 695 2880; x_wconf 87' lang='lat' dir='ltr'><strong>hic</strong></span> <span class='ocrx_word' id='word_1_302' title='bbox 713 2830 845 2894; x_wconf 77' lang='lat' dir='ltr'><strong>Apostolus</strong></span> <span class='ocrx_word' id='word_1_303' title='bbox 856 2830 886 2880; x_wconf 90' lang='lat' dir='ltr'><strong>de</strong></span> <span class='ocrx_word' id='word_1_304' title='bbox 904 2832 1117 2895; x_wconf 82' lang='lat' dir='ltr'><strong>sanctificatione,</strong></span> 
     </span>
     <span class='ocr_line' id='line_1_36' title="bbox 54 2898 1118 2963; baseline 0.004 -15"><span class='ocrx_word' id='word_1_305' title='bbox 54 2913 109 2960; x_wconf 81' lang='lat' dir='ltr'><strong>qaae</strong></span> <span class='ocrx_word' id='word_1_306' title='bbox 122 2899 212 2950; x_wconf 87' lang='lat' dir='ltr'><strong>reddat</strong></span> <span class='ocrx_word' id='word_1_307' title='bbox 225 2901 321 2949; x_wconf 91' lang='lat' dir='ltr'><strong>amicos</strong></span> <span class='ocrx_word' id='word_1_308' title='bbox 335 2898 393 2960; x_wconf 83' lang='lat' dir='ltr'><strong>liet,</strong></span> <span class='ocrx_word' id='word_1_309' title='bbox 405 2899 449 2949; x_wconf 92' lang='lat' dir='ltr'><strong>sed</strong></span> <span class='ocrx_word' id='word_1_310' title='bbox 464 2899 495 2948; x_wconf 91' lang='lat' dir='ltr'><strong>de</strong></span> <span class='ocrx_word' id='word_1_311' title='bbox 511 2901 643 2950; x_wconf 87' lang='lat' dir='ltr'><strong>sanctitate</strong></span> <span class='ocrx_word' id='word_1_312' title='bbox 653 2899 824 2963; x_wconf 82' lang='lat' dir='ltr'><strong>metaphorica</strong></span> <span class='ocrx_word' id='word_1_313' title='bbox 835 2937 842 2961; x_wconf 95' lang='lat'>,</span> <span class='ocrx_word' id='word_1_314' title='bbox 852 2913 908 2962; x_wconf 79' lang='lat' dir='ltr'><strong>qnae</strong></span> <span class='ocrx_word' id='word_1_315' title='bbox 922 2901 1118 2954; x_wconf 83' lang='lat' dir='ltr'><strong>lieo&#39;consecrat</strong></span> 
     </span>
     <span class='ocr_line' id='line_1_37' title="bbox 55 2967 970 3034; baseline 0.001 -17"><span class='ocrx_word' id='word_1_316' title='bbox 55 2975 77 3018; x_wconf 92' lang='lat' dir='ltr'><strong>et</strong></span> <span class='ocrx_word' id='word_1_317' title='bbox 92 2970 240 3034; x_wconf 88' lang='lat' dir='ltr'><strong>appropriat</strong></span> <span class='ocrx_word' id='word_1_318' title='bbox 251 2988 258 3030; x_wconf 80' lang='lat' dir='ltr'><strong>i</strong></span> <span class='ocrx_word' id='word_1_319' title='bbox 271 2971 337 3019; x_wconf 89' lang='lat' dir='ltr'><strong>sicut</strong></span> <span class='ocrx_word' id='word_1_320' title='bbox 348 2968 432 3029; x_wconf 91' lang='lat' dir='ltr'><strong>locus,</strong></span> <span class='ocrx_word' id='word_1_321' title='bbox 445 2971 537 3030; x_wconf 89' lang='lat' dir='ltr'><strong>vestis,</strong></span> <span class='ocrx_word' id='word_1_322' title='bbox 550 2971 659 3031; x_wconf 88' lang='lat' dir='ltr'><strong>pecunia</strong></span> <span class='ocrx_word' id='word_1_323' title='bbox 672 2967 766 3019; x_wconf 86' lang='lat' dir='ltr'><strong>dieitur</strong></span> <span class='ocrx_word' id='word_1_324' title='bbox 782 2975 877 3019; x_wconf 88' lang='lat' dir='ltr'><strong>sancta.</strong></span> <span class='ocrx_word' id='word_1_325' title='bbox 967 2988 970 2992; x_wconf 50' lang='lat'><em>⁴</em></span> 
     </span>
    </p>

    <p class='ocr_par' dir='ltr' id='par_1_17' title="bbox 53 3036 1117 3239">
     <span class='ocr_line' id='line_1_38' title="bbox 81 3036 1116 3102; baseline 0.003 -15"><span class='ocrx_word' id='word_1_326' title='bbox 81 3038 203 3099; x_wconf 76' lang='lat' dir='ltr'><strong>ahoquin</strong></span> <span class='ocrx_word' id='word_1_327' title='bbox 214 3037 302 3087; x_wconf 90' lang='lat' dir='ltr'><strong>eodem</strong></span> <span class='ocrx_word' id='word_1_328' title='bbox 313 3040 460 3100; x_wconf 81' lang='lat' dir='ltr'><strong>argumento</strong></span> <span class='ocrx_word' id='word_1_329' title='bbox 474 3036 621 3100; x_wconf 82' lang='lat' dir='ltr'><strong>probaretur</strong></span> <span class='ocrx_word' id='word_1_330' title='bbox 634 3038 711 3086; x_wconf 85' lang='lat' dir='ltr'><strong>etiarn</strong></span> <span class='ocrx_word' id='word_1_331' title='bbox 723 3036 820 3086; x_wconf 90' lang='lat' dir='ltr'><strong>adultos</strong></span> <span class='ocrx_word' id='word_1_332' title='bbox 831 3037 1032 3088; x_wconf 83' lang='lat' dir='ltr'><strong>Christianorum</strong></span> <span class='ocrx_word' id='word_1_333' title='bbox 1042 3039 1116 3102; x_wconf 85' lang='lat' dir='ltr'><strong>tilios,</strong></span> 
     </span>
     <span class='ocr_line' id='line_1_39' title="bbox 54 3105 1117 3171; baseline 0.004 -16"><span class='ocrx_word' id='word_1_334' title='bbox 54 3107 104 3156; x_wconf 80' lang='lat' dir='ltr'><strong>trud</strong></span> <span class='ocrx_word' id='word_1_335' title='bbox 120 3119 211 3156; x_wconf 89' lang='lat' dir='ltr'><strong>omnes</strong></span> <span class='ocrx_word' id='word_1_336' title='bbox 227 3106 326 3156; x_wconf 69' lang='lat' dir='ltr'><strong>ludaeos</strong></span> <span class='ocrx_word' id='word_1_337' title='bbox 338 3118 391 3156; x_wconf 89' lang='lat' dir='ltr'><strong>esse</strong></span> <span class='ocrx_word' id='word_1_338' title='bbox 404 3110 518 3167; x_wconf 88' lang='lat' dir='ltr'><strong>sanctos,</strong></span> <span class='ocrx_word' id='word_1_339' title='bbox 532 3109 619 3169; x_wconf 90' lang='lat' dir='ltr'><strong>utpote</strong></span> <span class='ocrx_word' id='word_1_340' title='bbox 639 3108 787 3155; x_wconf 87' lang='lat' dir='ltr'><strong>sanctorum</strong></span> <span class='ocrx_word' id='word_1_341' title='bbox 805 3105 885 3168; x_wconf 92' lang='lat' dir='ltr'><strong>tlltos,</strong></span> <span class='ocrx_word' id='word_1_342' title='bbox 898 3110 923 3156; x_wconf 88' lang='lat' dir='ltr'><strong>et</strong></span> <span class='ocrx_word' id='word_1_343' title='bbox 936 3114 1117 3171; x_wconf 83' lang='lat' dir='ltr'><strong>consequenter</strong></span> 
     </span>
     <span class='ocr_line' id='line_1_40' title="bbox 53 3175 703 3239; baseline -0.002 -13"><span class='ocrx_word' id='word_1_344' title='bbox 53 3189 98 3227; x_wconf 89' lang='lat' dir='ltr'><strong>nec</strong></span> <span class='ocrx_word' id='word_1_345' title='bbox 112 3178 259 3239; x_wconf 85' lang='lat' dir='ltr'><strong>Baptismo,</strong></span> <span class='ocrx_word' id='word_1_346' title='bbox 272 3188 320 3226; x_wconf 91' lang='lat' dir='ltr'><strong>nee</strong></span> <span class='ocrx_word' id='word_1_347' title='bbox 333 3175 390 3225; x_wconf 89' lang='lat' dir='ltr'><strong>nlits</strong></span> <span class='ocrx_word' id='word_1_348' title='bbox 405 3179 569 3226; x_wconf 88' lang='lat' dir='ltr'><strong>sacramentis</strong></span> <span class='ocrx_word' id='word_1_349' title='bbox 583 3175 703 3237; x_wconf 81' lang='lat' dir='ltr'><strong>indigere.</strong></span> 
     </span>
    </p>

    <p class='ocr_par' dir='ltr' id='par_1_18' title="bbox 50 3244 1117 3503">
     <span class='ocr_line' id='line_1_41' title="bbox 81 3244 1117 3308; baseline 0.004 -14"><span class='ocrx_word' id='word_1_350' title='bbox 81 3247 133 3295; x_wconf 90' lang='lat' dir='ltr'><strong>lloc</strong></span> <span class='ocrx_word' id='word_1_351' title='bbox 148 3245 326 3305; x_wconf 79' lang='lat' dir='ltr'><strong>ergotantdm</strong></span> <span class='ocrx_word' id='word_1_352' title='bbox 341 3245 430 3308; x_wconf 87' lang='lat' dir='ltr'><strong>prohat</strong></span> <span class='ocrx_word' id='word_1_353' title='bbox 449 3244 578 3307; x_wconf 80' lang='lat' dir='ltr'><strong>Apostolos</strong></span> <span class='ocrx_word' id='word_1_354' title='bbox 596 3248 621 3295; x_wconf 91' lang='lat' dir='ltr'><strong>et</strong></span> <span class='ocrx_word' id='word_1_355' title='bbox 635 3245 794 3296; x_wconf 83' lang='lat' dir='ltr'><strong>Patrlarohas</strong></span> <span class='ocrx_word' id='word_1_356' title='bbox 810 3245 1047 3307; x_wconf 79' lang='lat' dir='ltr'><strong>ludaisquamdam</strong></span> <span class='ocrx_word' id='word_1_357' title='bbox 1064 3261 1117 3300; x_wconf 84' lang='lat' dir='ltr'><strong>sna</strong></span> 
     </span>
     <span class='ocr_line' id='line_1_42' title="bbox 52 3313 1115 3376; baseline 0.006 -13"><span class='ocrx_word' id='word_1_358' title='bbox 52 3317 193 3365; x_wconf 86' lang='lat' dir='ltr'><strong>sanctitatis</strong></span> <span class='ocrx_word' id='word_1_359' title='bbox 207 3314 325 3364; x_wconf 88' lang='lat' dir='ltr'><strong>ambram</strong></span> <span class='ocrx_word' id='word_1_360' title='bbox 336 3313 464 3374; x_wconf 85' lang='lat' dir='ltr'><strong>conterre,</strong></span> <span class='ocrx_word' id='word_1_361' title='bbox 480 3325 536 3375; x_wconf 81' lang='lat' dir='ltr'><strong>qnae</strong></span> <span class='ocrx_word' id='word_1_362' title='bbox 547 3314 590 3364; x_wconf 87' lang='lat' dir='ltr'><strong>dat</strong></span> <span class='ocrx_word' id='word_1_363' title='bbox 604 3314 689 3364; x_wconf 87' lang='lat' dir='ltr'><strong>locum</strong></span> <span class='ocrx_word' id='word_1_364' title='bbox 701 3314 817 3376; x_wconf 89' lang='lat' dir='ltr'><strong>sperandi</strong></span> <span class='ocrx_word' id='word_1_365' title='bbox 833 3320 920 3365; x_wconf 86' lang='lat' dir='ltr'><strong>verani</strong></span> <span class='ocrx_word' id='word_1_366' title='bbox 935 3320 1115 3375; x_wconf 76' lang='lat' dir='ltr'><strong>sanctitaterne</strong></span> 
     </span>
     <span class='ocr_line' id='line_1_43' title="bbox 51 3383 1116 3450; baseline 0.007 -18"><span class='ocrx_word' id='word_1_367' title='bbox 51 3388 74 3433; x_wconf 86' lang='lat' dir='ltr'><strong>ot</strong></span> <span class='ocrx_word' id='word_1_368' title='bbox 85 3385 142 3434; x_wconf 92' lang='lat' dir='ltr'><strong>ideo</strong></span> <span class='ocrx_word' id='word_1_369' title='bbox 152 3397 201 3434; x_wconf 91' lang='lat' dir='ltr'><strong>nec</strong></span> <span class='ocrx_word' id='word_1_370' title='bbox 213 3387 274 3434; x_wconf 87' lang='lat' dir='ltr'><strong>sunt</strong></span> <span class='ocrx_word' id='word_1_371' title='bbox 283 3385 418 3448; x_wconf 88' lang='lat' dir='ltr'><strong>spernendi</strong></span> <span class='ocrx_word' id='word_1_372' title='bbox 428 3397 496 3444; x_wconf 42' lang='lat' dir='ltr'><strong>pnec</strong></span> <span class='ocrx_word' id='word_1_373' title='bbox 509 3383 634 3446; x_wconf 78' lang='lat' dir='ltr'><strong>fugiendi,</strong></span> <span class='ocrx_word' id='word_1_374' title='bbox 648 3383 692 3435; x_wconf 87' lang='lat' dir='ltr'><strong>sed</strong></span> <span class='ocrx_word' id='word_1_375' title='bbox 705 3383 806 3435; x_wconf 90' lang='lat' dir='ltr'><strong>illorum</strong></span> <span class='ocrx_word' id='word_1_376' title='bbox 815 3385 883 3436; x_wconf 90' lang='lat' dir='ltr'><strong>salus</strong></span> <span class='ocrx_word' id='word_1_377' title='bbox 896 3387 1018 3450; x_wconf 89' lang='lat' dir='ltr'><strong>speranda</strong></span> <span class='ocrx_word' id='word_1_378' title='bbox 1028 3424 1036 3449; x_wconf 93' lang='lat'><em>,</em></span> <span class='ocrx_word' id='word_1_379' title='bbox 1048 3391 1072 3438; x_wconf 90' lang='lat' dir='ltr'><strong>et</strong></span> <span class='ocrx_word' id='word_1_380' title='bbox 1083 3388 1116 3439; x_wconf 88' lang='lat' dir='ltr'><strong>ad</strong></span> 
     </span>
     <span class='ocr_line' id='line_1_44' title="bbox 50 3452 479 3503; baseline -0.007 -2"><span class='ocrx_word' id='word_1_381' title='bbox 50 3453 96 3503; x_wconf 90' lang='lat' dir='ltr'><strong>hoc</strong></span> <span class='ocrx_word' id='word_1_382' title='bbox 111 3452 292 3503; x_wconf 84' lang='lat' dir='ltr'><strong>laborandum.</strong></span> <span class='ocrx_word' id='word_1_383' title='bbox 347 3452 352 3457; x_wconf 81' lang='grc'><strong>“</strong></span> <span class='ocrx_word' id='word_1_384' title='bbox 393 3482 402 3488; x_wconf 66' lang='grc'><strong>»«</strong></span> <span class='ocrx_word' id='word_1_385' title='bbox 476 3457 479 3462; x_wconf 87' lang='grc'><em>·</em></span> 
     </span>
    </p>

    <p class='ocr_par' dir='ltr' id='par_1_19' title="bbox 48 3522 1115 3933">
     <span class='ocr_line' id='line_1_45' title="bbox 78 3522 1114 3587; baseline 0.001 -15"><span class='ocrx_word' id='word_1_386' title='bbox 78 3524 139 3585; x_wconf 81' lang='lat' dir='ltr'><strong>Quis</strong></span> <span class='ocrx_word' id='word_1_387' title='bbox 155 3523 188 3574; x_wconf 88' lang='lat' dir='ltr'><strong>de</strong></span> <span class='ocrx_word' id='word_1_388' title='bbox 202 3525 312 3586; x_wconf 80' lang='lat' dir='ltr'><strong>proximi</strong></span> <span class='ocrx_word' id='word_1_389' title='bbox 328 3522 408 3573; x_wconf 89' lang='lat' dir='ltr'><strong>salute</strong></span> <span class='ocrx_word' id='word_1_390' title='bbox 424 3523 554 3586; x_wconf 77' lang='lat' dir='ltr'><strong>desperet-i</strong></span> <span class='ocrx_word' id='word_1_391' title='bbox 569 3524 695 3587; x_wconf 82' lang='lat' dir='ltr'><strong>praeoipnd</strong></span> <span class='ocrx_word' id='word_1_392' title='bbox 711 3524 742 3574; x_wconf 90' lang='lat' dir='ltr'><strong>de</strong></span> <span class='ocrx_word' id='word_1_393' title='bbox 755 3525 835 3575; x_wconf 84' lang='lat' dir='ltr'><strong>salute</strong></span> <span class='ocrx_word' id='word_1_394' title='bbox 853 3524 1004 3587; x_wconf 85' lang='lat' dir='ltr'><strong>Christiani,</strong></span> <span class='ocrx_word' id='word_1_395' title='bbox 1015 3528 1042 3575; x_wconf 89' lang='lat' dir='ltr'><strong>tn</strong></span> <span class='ocrx_word' id='word_1_396' title='bbox 1054 3537 1114 3574; x_wconf 86' lang='lat' dir='ltr'><strong>san-</strong></span> 
     </span>
     <span class='ocr_line' id='line_1_46' title="bbox 49 3594 1114 3659; baseline 0 -15"><span class='ocrx_word' id='word_1_397' title='bbox 49 3598 122 3655; x_wconf 76' lang='lat' dir='ltr'><strong>guine</strong></span> <span class='ocrx_word' id='word_1_398' title='bbox 134 3596 231 3645; x_wconf 88' lang='lat' dir='ltr'><strong>Ghrlsti</strong></span> <span class='ocrx_word' id='word_1_399' title='bbox 241 3606 286 3656; x_wconf 89' lang='lat' dir='ltr'><strong>per</strong></span> <span class='ocrx_word' id='word_1_400' title='bbox 299 3594 455 3656; x_wconf 88' lang='lat' dir='ltr'><strong>Baptismnrn</strong></span> <span class='ocrx_word' id='word_1_401' title='bbox 471 3595 620 3644; x_wconf 85' lang='lat' dir='ltr'><strong>sanctificati</strong></span> <span class='ocrx_word' id='word_1_402' title='bbox 630 3598 642 3644; x_wconf 77' lang='lat' dir='ltr'><strong>i</strong></span> <span class='ocrx_word' id='word_1_403' title='bbox 651 3598 708 3656; x_wconf 89' lang='lat' dir='ltr'><strong>quis</strong></span> <span class='ocrx_word' id='word_1_404' title='bbox 720 3596 734 3646; x_wconf 78' lang='lat' dir='ltr'><strong>e</strong></span> <span class='ocrx_word' id='word_1_405' title='bbox 747 3598 834 3646; x_wconf 82' lang='lat' dir='ltr'><strong>contra</strong></span> <span class='ocrx_word' id='word_1_406' title='bbox 845 3601 952 3659; x_wconf 78' lang='lat' dir='ltr'><strong>proximi</strong></span> <span class='ocrx_word' id='word_1_407' title='bbox 968 3599 1021 3657; x_wconf 89' lang='lat' dir='ltr'><strong>sul,</strong></span> <span class='ocrx_word' id='word_1_408' title='bbox 1032 3608 1114 3657; x_wconf 80' lang='lat' dir='ltr'><strong>quan-</strong></span> 
     </span>
     <span class='ocr_line' id='line_1_47' title="bbox 48 3663 1112 3727; baseline 0.004 -17"><span class='ocrx_word' id='word_1_409' title='bbox 48 3664 208 3726; x_wconf 82' lang='lat' dir='ltr'><strong>tunreunque</strong></span> <span class='ocrx_word' id='word_1_410' title='bbox 227 3664 380 3725; x_wconf 83' lang='lat' dir='ltr'><strong>peccatoris,</strong></span> <span class='ocrx_word' id='word_1_411' title='bbox 399 3663 506 3713; x_wconf 87' lang='lat' dir='ltr'><strong>salutem</strong></span> <span class='ocrx_word' id='word_1_412' title='bbox 527 3677 578 3714; x_wconf 91' lang='lat' dir='ltr'><strong>non</strong></span> <span class='ocrx_word' id='word_1_413' title='bbox 599 3669 680 3727; x_wconf 89' lang='lat' dir='ltr'><strong>speret</strong></span> <span class='ocrx_word' id='word_1_414' title='bbox 703 3669 728 3715; x_wconf 85' lang='lat' dir='ltr'><strong>et</strong></span> <span class='ocrx_word' id='word_1_415' title='bbox 749 3667 781 3716; x_wconf 90' lang='lat' dir='ltr'><strong>ad</strong></span> <span class='ocrx_word' id='word_1_416' title='bbox 806 3665 879 3716; x_wconf 87' lang='lat' dir='ltr'><strong>illurn</strong></span> <span class='ocrx_word' id='word_1_417' title='bbox 901 3664 1112 3726; x_wconf 84' lang='lat' dir='ltr'><strong>convertendum,</strong></span> 
     </span>
     <span class='ocr_line' id='line_1_48' title="bbox 48 3732 1115 3796; baseline 0.006 -17"><span class='ocrx_word' id='word_1_418' title='bbox 48 3735 135 3795; x_wconf 83' lang='lat' dir='ltr'><strong>verbo,</strong></span> <span class='ocrx_word' id='word_1_419' title='bbox 146 3735 267 3785; x_wconf 86' lang='lat' dir='ltr'><strong>oratione</strong></span> <span class='ocrx_word' id='word_1_420' title='bbox 278 3768 285 3791; x_wconf 91' lang='lat'>,</span> <span class='ocrx_word' id='word_1_421' title='bbox 297 3732 409 3795; x_wconf 77' lang='lat' dir='ltr'><strong>evemplo</strong></span> <span class='ocrx_word' id='word_1_422' title='bbox 419 3745 469 3782; x_wconf 91' lang='lat' dir='ltr'><strong>non</strong></span> <span class='ocrx_word' id='word_1_423' title='bbox 486 3733 599 3784; x_wconf 78' lang='lat' dir='ltr'><strong>laboret?</strong></span> <span class='ocrx_word' id='word_1_424' title='bbox 613 3735 672 3784; x_wconf 87' lang='lat' dir='ltr'><strong>edm</strong></span> <span class='ocrx_word' id='word_1_425' title='bbox 686 3738 787 3785; x_wconf 82' lang='lat' dir='ltr'><strong>mnium</strong></span> <span class='ocrx_word' id='word_1_426' title='bbox 796 3739 837 3796; x_wconf 85' lang='lat' dir='ltr'><strong>jus</strong></span> <span class='ocrx_word' id='word_1_427' title='bbox 850 3735 883 3786; x_wconf 91' lang='lat' dir='ltr'><strong>ad</strong></span> <span class='ocrx_word' id='word_1_428' title='bbox 893 3738 1054 3787; x_wconf 86' lang='lat' dir='ltr'><strong>sanctitatem</strong></span> <span class='ocrx_word' id='word_1_429' title='bbox 1067 3734 1115 3785; x_wconf 80' lang='lat' dir='ltr'><strong>ha·</strong></span> 
     </span>
     <span class='ocr_line' id='line_1_49' title="bbox 48 3800 1112 3873; baseline 0.004 -24"><span class='ocrx_word' id='word_1_430' title='bbox 48 3801 102 3854; x_wconf 76' lang='lat' dir='ltr'><strong>tieat</strong></span> <span class='ocrx_word' id='word_1_431' title='bbox 119 3807 146 3853; x_wconf 87' lang='lat' dir='ltr'><strong>in</strong></span> <span class='ocrx_word' id='word_1_432' title='bbox 166 3802 296 3863; x_wconf 80' lang='lat' dir='ltr'><strong>sangnine</strong></span> <span class='ocrx_word' id='word_1_433' title='bbox 308 3800 400 3850; x_wconf 83' lang='lat' dir='ltr'><strong>Christi</strong></span> <span class='ocrx_word' id='word_1_434' title='bbox 416 3813 423 3848; x_wconf 74' lang='grc' dir='ltr'><strong><em>ε</em></strong></span> <span class='ocrx_word' id='word_1_435' title='bbox 438 3804 465 3850; x_wconf 91' lang='lat' dir='ltr'><strong>in</strong></span> <span class='ocrx_word' id='word_1_436' title='bbox 478 3801 526 3852; x_wconf 92' lang='lat' dir='ltr'><strong>hoc</strong></span> <span class='ocrx_word' id='word_1_437' title='bbox 544 3815 600 3864; x_wconf 84' lang='lat' dir='ltr'><strong>ergo</strong></span> <span class='ocrx_word' id='word_1_438' title='bbox 619 3804 727 3867; x_wconf 90' lang='lat' dir='ltr'><strong>pretioso</strong></span> <span class='ocrx_word' id='word_1_439' title='bbox 744 3806 871 3867; x_wconf 79' lang='lat' dir='ltr'><strong>sanguine</strong></span> <span class='ocrx_word' id='word_1_440' title='bbox 881 3804 1112 3873; x_wconf 61' lang='lat' dir='ltr'><strong>cantumerulae,</strong></span> 
     </span>
     <span class='ocr_line' id='line_1_50' title="bbox 48 3870 759 3933; baseline 0.003 -13"><span class='ocrx_word' id='word_1_441' title='bbox 48 3870 205 3930; x_wconf 85' lang='lat' dir='ltr'><strong>laboremus,</strong></span> <span class='ocrx_word' id='word_1_442' title='bbox 221 3882 269 3933; x_wconf 89' lang='lat' dir='ltr'><strong>pro</strong></span> <span class='ocrx_word' id='word_1_443' title='bbox 282 3873 444 3932; x_wconf 86' lang='lat' dir='ltr'><strong>peecatorum</strong></span> <span class='ocrx_word' id='word_1_444' title='bbox 459 3875 622 3922; x_wconf 85' lang='lat' dir='ltr'><strong>conversione</strong></span> <span class='ocrx_word' id='word_1_445' title='bbox 633 3876 657 3922; x_wconf 89' lang='lat' dir='ltr'><strong>ot</strong></span> <span class='ocrx_word' id='word_1_446' title='bbox 668 3872 759 3924; x_wconf 89' lang='lat' dir='ltr'><strong>salute.</strong></span> 
     </span>
    </p>
   </div>
   <div class='ocr_carea' id='block_1_11' title="bbox 78 3950 1119 4036">
    <p class='ocr_par' dir='ltr' id='par_1_20' title="bbox 78 3950 1119 4036">
     <span class='ocr_line' id='line_1_51' title="bbox 78 3950 1119 4036; baseline 0.001 -32"><span class='ocrx_word' id='word_1_447' title='bbox 78 3960 112 4007; x_wconf 82' lang='lat' dir='ltr'><strong>tt.</strong></span> <span class='ocrx_word' id='word_1_448' title='bbox 125 3953 240 4036; x_wconf 68' lang='lat' dir='ltr'><strong>Quodsi</strong></span> <span class='ocrx_word' id='word_1_449' title='bbox 252 3951 334 4015; x_wconf 80' lang='lat' dir='ltr'><strong>aliqui</strong></span> <span class='ocrx_word' id='word_1_450' title='bbox 347 3955 463 4005; x_wconf 74' lang='lat' dir='ltr'><strong>exremis</strong></span> <span class='ocrx_word' id='word_1_451' title='bbox 476 3955 551 4018; x_wconf 73' lang='lat' dir='ltr'><strong>tracti</strong></span> <span class='ocrx_word' id='word_1_452' title='bbox 560 3962 646 4006; x_wconf 79' lang='lat' dir='ltr'><strong>erret...</strong></span> <span class='ocrx_word' id='word_1_453' title='bbox 660 3954 727 4019; x_wconf 79' lang='lat' dir='ltr'><strong>quod</strong></span> <span class='ocrx_word' id='word_1_454' title='bbox 738 3956 758 4006; x_wconf 90' lang='lat' dir='ltr'><strong>st</strong></span> <span class='ocrx_word' id='word_1_455' title='bbox 772 3955 917 4019; x_wconf 74' lang='lat' dir='ltr'><strong>qutdaruex</strong></span> <span class='ocrx_word' id='word_1_456' title='bbox 927 3954 1006 4006; x_wconf 76' lang='lat' dir='ltr'><strong>simis</strong></span> <span class='ocrx_word' id='word_1_457' title='bbox 1014 3950 1119 4031; x_wconf 67' lang='lat' dir='ltr'><strong>etheria,</strong></span> 
     </span>
    </p>
   </div>
   <div class='ocr_carea' id='block_1_12' title="bbox 0 0 1264 4440">
    <p class='ocr_par' dir='ltr' id='par_1_21' title="bbox 0 0 1264 4440">
     <span class='ocr_line' id='line_1_52' title="bbox 0 0 1264 4440; baseline 0 6"><span class='ocrx_word' id='word_1_458' title='bbox 0 0 1264 4440; x_wconf 95' lang='lat' dir='ltr'><strong> </strong></span> 
     </span>
    </p>
   </div>
  </div>
 </body>
</html>
