2520 4440
326 290 497 389 rare-tax
515 296 741 350 sirasirin.
761 297 841 351 GAP.
860 297 936 351 xri.
1106 295 1161 347 193

96 415 1158 456 w

323 525 464 602 otior
484 529 690 608 radiabit
710 526 932 615 obiaroit.

265 688 374 728 anxias.
687 734 689 738 Α
768 693 955 734 ammalarii.

94 798 120 846 i.
137 808 289 923 larianum
312 800 405 848 autem
434 795 540 852 infide
592 796 810 848 arasaliaautem
821 798 1160 861 mutuaecbaritatisoiiicia,

167 874 315 938 assumite,
324 889 381 927 non
394 875 422 927 1„
434 876 541 944 (ἢπερ.
591 867 640 916 baa
657 866 788 930 speciatim
802 868 874 918 rabis
889 869 1039 918 commendo
1050 888 1057 929 t
1069 871 1090 918 si
1104 871 1161 930 quis

96 951 251 1004 [ationibus
260 951 469 1019 cognationum·
563 937 596 985 Sit
605 938 670 985 inter
677 949 721 986 VOS
733 938 759 985 in
769 937 844 986 rebus
855 935 913 985 fldOI
923 936 1040 985 nundum
1052 937 1112 985 Satis
1121 939 1162 986 ifl‘

563 1007 690 1065 structus,
708 1005 778 1054 hunc
798 1018 860 1066 vas,
878 1007 922 1069 qui
939 1004 1063 1054 doctiores
1085 1007 1160 1065 estis,

562 1075 684 1121 assumite
703 1085 763 1122 cum
784 1073 911 1122 charitate
927 1072 1117 1131 instruendum,
1136 1077 1161 1121 et

563 1153 622 1189 cum
637 1152 666 1188 eo
680 1152 712 1189 ne
726 1140 941 1203 disputationibus
954 1141 1120 1191 contendatis.
1138 1178 1141 1183 .

130 1214 159 1267 2,
187 1213 263 1266 Alius
301 1213 375 1264 enim
399 1213 488 1267 credit
510 1226 540 1265 se
592 1207 667 1258 Verbi
685 1209 778 1270 gratia,
793 1211 815 1258 is
833 1212 876 1271 qui
894 1210 924 1258 tie
939 1210 1074 1271 Evangelia
1095 1209 1160 1259 bene

94 1287 267 1341 manducare
291 1288 404 1341 omnia:
420 1290 469 1355 qui
487 1302 540 1342 au.
563 1276 701 1327 instructus
711 1281 761 1339 est,
774 1278 853 1327 credit
866 1279 912 1328 sibi
924 1278 999 1328 licere
1009 1278 1160 1340 quibuslibet

94 1371 152 1417 lem
169 1366 298 1421 infirmus
313 1372 354 1419 est
391 1368 452 1420 olus
464 1382 541 1421 man·
563 1347 625 1396 cibis
640 1350 707 1398 vesci
722 1366 729 1396 e
744 1347 809 1397 alias
820 1351 906 1397 autem
917 1348 948 1397 de
961 1348 1010 1396 ilde
1021 1348 1107 1396 mimis
1120 1350 1161 1396 in-

96 1444 181 1498 ducet
359 1405 368 1432 '
561 1415 1058 1479 structus,putatidnauesselicltum,
1070 1415 1160 1463 etideb

184 1484 191 1498 ‘
562 1486 672 1534 vescitur
690 1484 815 1545 oleribus,
833 1497 866 1534 ne
880 1484 943 1547 quid
954 1485 969 1534 i
981 1484 1034 1546 lege
1047 1481 1160 1532 'iiosaica

562 1552 719 1614 prohibitum
734 1552 858 1602 comedat.

130 1621 157 1672 5.
178 1621 207 1671 is
229 1618 278 1685 qui
297 1620 460 1684 manducat,
481 1635 539 1675 non
592 1621 650 1670 linc
670 1624 735 1670 tanti
747 1635 798 1670 non
812 1625 873 1671 sunt
885 1624 1008 1671 momenti
1020 1659 1027 1681 ,
1040 1625 1069 1670 ut
1083 1621 1114 1670 ab
1130 1633 1159 1669 ea

94 1690 314 1750 manducantem
333 1711 391 1751 non
406 1706 539 1769 spernat:
561 1688 769 1739 imminutionem
788 1692 842 1753 pati
861 1690 949 1739 debeat
968 1690 1079 1739 fraterne
1097 1690 1160 1739 cba-

1081 1804 1159 1817 ——0-

124 1844 187 1895 Cae.
197 1844 259 1898 xlv.
270 1849 293 1895 i.
305 1846 438 1909 Infirmata
451 1852 535 1899 actem
545 1847 573 1896 ia
583 1847 632 1910 fide
647 1849 774 1898 casanata
786 1847 842 1911 Syr.
853 1851 878 1901 ei
893 1848 967 1910 verb,
979 1851 1023 1910 qui
1037 1851 1074 1898 est
1085 1847 1159 1897 intir-

93 1915 191 1963 masin
203 1913 269 1975 lide,
281 1913 339 1962 dete
350 1927 464 1965 manum.
508 1931 510 1935 ’
845 1952 848 1957 s
1138 1934 1143 1946 ·

123 1982 254 2044 Gentiles,
264 1995 310 2032 seu
326 1995 354 2032 ex
368 1984 489 2034 Gentibus
506 1996 639 2035 conversos
652 1985 787 2047 alloquitur
802 1984 947 2048 Apostolus,
964 1988 989 2034 et
1001 1985 1117 2037 bortatur
1130 1990 1159 2035 ut

95 2052 251 2173 {ammiates
261 2055 290 2102 in
298 2051 348 2102 ilde
359 2067 419 2104 cum
431 2053 553 2104 charitate
564 2058 703 2119 suscipiant
711 2092 719 2117 ,
728 2068 775 2105 nec
784 2057 936 2118 importunis
947 2055 1159 2119 disputationibus

118 2127 230 2172 cessant.
978 2126 982 2131 '

123 2199 263 2261 Infirmata
278 2199 354 2260 igitur
367 2198 393 2247 ia
406 2199 471 2262 fide,
483 2205 507 2250 et
520 2200 634 2250 nondum
647 2199 708 2250 satis
720 2202 874 2250 instructum
884 2236 891 2261 ,
902 2212 964 2260 aas,
976 2201 1019 2262 qui
1035 2200 1159 2249 doctiores

93 2269 118 2319 et
128 2266 249 2316 fortimes
259 2269 334 2327 estis,
344 2269 461 2318 assumite
476 2282 537 2318 cnm
550 2269 673 2318 charitate
686 2271 878 2329 instruendum,
889 2281 999 2329 eumque
1014 2273 1043 2317 ut
1055 2267 1159 2318 tratrem

92 2334 303 2459 {ppeltreffiirlrlplaste
318 2335 386 2398 Seu,
402 2340 431 2386 ut
445 2339 481 2387 ait
492 2337 548 2400 Syr.
562 2340 588 2389 ei
604 2337 662 2387 date
683 2351 806 2400 manum,
822 2341 889 2388 siem
903 2337 1005 2387 infirma
1026 2337 1054 2386 in
1068 2337 1159 2386 itinere

122 2480 181 2530 Noa
193 2481 222 2529 ia
236 2480 457 2542 disceptationibus
470 2483 658 2545 capitationem.
671 2483 715 2534 Gr.
728 2496 779 2533 non
796 2484 824 2533 in
837 2482 1031 2544 disceptationes
1045 2478 1159 2543 disputa-

93 2551 205 2599 tionum.
221 2549 278 2611 Syr.
293 2562 340 2598 nec
357 2552 412 2600 sitis
425 2552 578 2614 ambigentes
592 2555 620 2602 in
632 2553 824 2615 cogitationibus
835 2554 940 2611 restris,
952 2550 979 2599 ld
992 2553 1029 2599 est
1038 2586 1046 2610 ‚
1056 2562 1116 2599 com
1129 2561 1159 2599 eo

93 2631 125 2672 ne
141 2619 321 2681 contendatis,
337 2633 370 2668 an
388 2620 467 2681 bene,
483 2635 516 2671 an
535 2621 601 2672 maie
620 2625 728 2683 sentiat,
747 2625 807 2683 quia
828 2621 912 2670 adhuc
929 2619 1078 2669 charitative
1094 2617 1159 2669 tole-

92 2688 190 2749 randus
204 2691 259 2748 est,
271 2699 319 2736 nec
337 2690 488 2752 importunis
506 2689 717 2752 disputationibus
731 2689 907 2749 lacessendus,
920 2700 953 2737 ne
968 2687 1031 2738 torta
1049 2686 1159 2738 offensus

92 2756 354 2821 abinceptaresiliat.
867 2758 871 2763 '

101 2830 107 2850 ’
122 2842 147 2889 2.
160 2838 237 2890 Aliae
248 2840 314 2888 etaim
326 2842 434 2892 creditse
444 2843 597 2892 manducare
607 2842 701 2892 amaia.
713 2840 835 2901 Factum,
845 2852 890 2890 seu
903 2839 1074 2890 altercationis
1082 2849 1158 2902 argo-

92 2914 212 2962 mentum
222 2909 332 2960 breviter
343 2914 453 2973 exponit.

121 2985 212 3047 Alias,
225 2983 253 3032 ld
265 2986 316 3045 est,
325 2987 369 3046 qui
382 2988 409 3034 in
422 2985 471 3036 tide
486 2986 591 3046 firmus,
605 2988 629 3035 et
640 2986 671 3035 de
685 2982 822 3046 Evangelia
836 2983 901 3033 bene
912 2983 1067 3041 instructas.
1078 2982 1159 3034 eredit

90 3052 140 3105 sibi
156 3053 236 3104 licere
253 3053 407 3114 quibuslibet
420 3055 482 3105 cibis
495 3057 646 3117 resc15quia
659 3054 761 3104 nubum
779 3055 808 3103 in
818 3052 872 3116 lege
884 3051 1034 3115 Evangeliaa
1043 3048 1158 3105 Mra

91 3136 173 3193 genus
185 3122 352 3172 immundum
365 3127 489 3174 censetur.

124 3198 177 3259 Qa'i
190 3203 277 3248 aanor
287 3193 405 3260 infirmae
414 3203 460 3256 est,
470 3198 526 3248 alas
534 3200 673 3248 manducet.
682 3197 725 3247 Gr.
736 3196 805 3246 olera
816 3194 935 3246 comedit.
944 3195 1001 3260 syr.
1011 3195 1157 3247 maereat.

91 3270 171 3320 bivu‘s
193 3267 403 3328 chrysostomus,
420 3267 602 3329 ibeadoretus
621 3267 841 3330 Theopbylaetus,
857 3278 946 3333 omnes
960 3267 989 3317 ia
1004 3265 1157 3325 intimare,

91 3339 218 3396 amabar,
234 3337 385 3396 manducat,
406 3337 441 3386 ita
456 3341 485 3385 ut
506 3340 539 3387 sit
559 3339 711 3399 propositio,
731 3335 829 3385 tactum
846 3333 997 3398 simpliciter
1014 3344 1157 3397 amas,

91 3408 189 3458 scilicet
201 3424 209 3456 ε
224 3405 343 3455 infirmus
355 3409 455 3467 autem,
467 3420 511 3456 seu
528 3407 630 3456 iudeus
642 3409 758 3456 recenter
769 3416 920 3466 conversas,
932 3403 1001 3456 etde
1009 3403 1157 3467 lamuelem

91 3475 207 3526 libertate
224 3486 277 3523 non
293 3473 355 3524 satis
367 3476 520 3536 instructus,
532 3475 642 3524 oleribus
655 3476 777 3525 rescitur.

119 3545 196 3596 iuxta
210 3547 325 3594 nostram
335 3542 466 3604 Vulgatam
474 3545 518 3594 bic
529 3557 617 3593 sensus
628 3547 666 3593 est
677 3562 685 3593 ι
696 3544 963 3607 intimantem&
972 3544 1000 3593 ia
1009 3541 1058 3593 dds
1068 3548 1153 3605 patrita

92 3615 198 3675 ductus,
213 3616 287 3675 putat
303 3611 330 3660 id
342 3625 393 3661 nou
405 3612 505 3662 licitum
523 3624 594 3673 esse,
606 3613 629 3661 is
639 3613 741 3672 taqua,
752 3622 799 3661 sear
812 3610 944 3672 laamas,
954 3611 1012 3663 aaa
1022 3615 1048 3661 ct
1060 3610 1126 3660 ttiiats
1138 3610 1151 3653 it

91 3682 143 3746 lege
155 3683 268 3734 biasaica
280 3682 416 3743 permissos
429 3681 578 3738 manducet,
590 3691 624 3729 ne
637 3684 728 3729 accim
743 3680 927 3729 marana
940 3683 1034 3743 mata·

118 3755 165 3805 Per
175 3748 923 3813 olar,inteliigequaeiibetlegumina‚qaorrrmrraiiammt
933 3747 1147 3799 incantatorias

93 3824 168 3874 muita
182 3826 273 3872 autem
284 3819 420 3881 aniumiia,
431 3824 487 3868 tum
500 3818 950 3882 expirant-nauatam,
962 3821 1016 3868 tata
1029 3828 1057 3865 aa
1069 3805 1148 3863 emt»

92 3898 160 3944 aaut
175 3889 319 3956 prohibita.

117 3950 1144 4095 aenamaaaaaammammmaztrimbi

209 4057 232 4104 i.
