2520 4440
404 208 610 266 naissum
627 213 678 265 an
695 212 878 268 Romanos

112 343 1161 378 Q

449 456 589 530 carus
610 456 832 540 ιιιιιιιι.
884 426 894 440 ’

315 618 502 657 PAMPlilthIS·
897 625 1007 667 TBX'HJS·

111 733 158 840 St
171 721 219 772 ilde
230 722 384 808 iustihcatur
400 724 477 774 homo
496 725 551 774 sine
573 722 708 786 operihue;
732 733 758 785 ι,
823 749 867 786 um
879 748 945 801 ergo
956 734 1084 789 dicemus
1094 737 1166 792 inve.

147 794 208 855 quid
226 807 283 856 ergo
301 794 417 844 dicemus
435 795 466 844 de
487 794 615 845 abranam
637 799 708 857 patre
767 743 909 886 Onjsse
918 813 1057 866 pbpaham
1065 823 1166 882 pamm

732 896 859 943 nostrum
873 889 1026 944 seeundum
1040 895 1166 946 carnem?

109 865 195 910 nostro
205 898 211 921 ,
222 864 265 922 qui
275 861 325 911 Deo
335 861 383 911 luit
393 864 569 923 gratissimus?
577 876 654 922 quarn
663 864 709 923 igi-

108 932 152 978 tur
162 929 252 980 habuit
263 933 406 991 iustitiam?
416 945 450 980 an
464 936 624 994 operumi'an
632 932 709 981 tldeii

139 995 300 1060 demissime,
324 1013 376 1049 non
402 1012 524 1063 operum;
543 1003 565 1050 si
585 1003 655 1050 enim
678 1012 708 1049 ex
764 997 913 1054 2.Siovvi1n
921 996 1167 1065 Abrahamexope·

138 1173 198 1223 Gar.
209 1174 248 1223 lv.
261 1176 283 1223 l.
298 1177 365 1234 Quid
376 1189 434 1237 erpo
445 1177 554 1225 dicemus
565 1174 685 1224 invertisse
694 1172 826 1222 Abrohom
838 1173 941 1220 Putrem
953 1176 1069 1220 nostrum
1085 1184 1166 1221 secuu-

108 1240 170 1290 dim
187 1244 434 1305 commeandum
451 1257 509 1305 ergo
527 1244 641 1294 dicemus
652 1242 778 1291 Abraham
792 1241 890 1288 Patrem
909 1243 1025 1288 nostrum
1046 1241 1167 1290 invenisse

107 1309 248 1359 secundhm
262 1315 381 1361 carnem?
399 1312 455 1373 Syr.
473 1311 535 1374 quid
546 1324 603 1374 ergo
618 1310 732 1360 dicemus
745 1309 776 1357 de
785 1307 910 1357 Abraham
918 1309 1035 1370 principe
1048 1308 1165 1368 Petrum,

108 1391 167 1428 eum
178 1381 297 1443 adeptum
308 1396 362 1433 esse
380 1384 479 1432 carne?

137 1448 232 1511 Duplex
244 1457 297 1511 est,
308 1456 337 1500 ut
349 1452 440 1512 legenti
456 1454 524 1514 patet
535 1450 628 1510 ,hujus
641 1449 729 1498 versus
744 1450 899 1498 constructio
911 1467 918 1496 r
932 1451 955 1496 t·
968 1459 1026 1508 quse
1035 1448 1120 1510 jungit
1131 1463 1165 1498 ιι-

108 1519 217 1567 modeim
226 1533 338 1578 ιαιιιιιιι,
347 1534 407 1569 cum
416 1522 519 1568 nomine
527 1519 644 1577 Patrem
654 1520 678 1565 2a
691 1528 747 1578 quae
759 1530 818 1566 cum
829 1515 905 1564 verbo
914 1515 1036 1565 ιἰιιιιιῑιιι
1047 1521 1091 1565 :et
1100 1520 1164 1578 Juxta

107 1586 233 1647 duplicem
241 1587 307 1636 hunc
320 1587 547 1645 constructionem,
555 1584 647 1646 duplex
658 1591 696 1633 est
704 1597 793 1632 sensus
802 1604 809 1645 5
819 1586 895 1645 quem
905 1585 1028 1645 aperiam,
1037 1589 1165 1648 postquam

106 1655 183 1715 hujus
196 1659 340 1717 quaestionis
352 1659 534 1707 connexionem
546 1669 605 1704 cum
619 1655 817 1716 precedentibus
830 1655 1003 1704 observavero.
1161 1684 1164 1689 ·

137 1724 167 1775 h.
178 1725 270 1775 Paulus
279 1740 351 1775 suam
362 1727 393 1775 de
404 1725 513 1788 gratmta
520 1723 700 1785 justificatione
710 1736 753 1785 per
762 1723 838 1771 tidem
850 1721 987 1788 explicuit
981 1737 1008 1772 ιιι
1020 1737 1078 1806 cap.
1093 1739 1163 1789 pree.

107 1797 172 1843 etn.
187 1797 225 1843 28.
238 1795 377 1855 conclusit,
387 1796 492 1844 dicens.
485 1793 672 1843 arbitramur
685 1793 809 1842 hommem
816 1791 958 1854 justificare
973 1792 1040 1854 fide,
1049 1809 1102 1844 sanc
1110 1811 1163 1858 ope·

106 1864 188 1912 ribus.
204 1865 274 1913 lianc
289 1865 430 1914 doctrinam
445 1868 475 1914 ut
490 1863 647 1914 confirmet·
641 1865 720 1925 ipsius
734 1862 840 1912 aurona
856 1860 1002 1912 ludaeorum
1017 1854 1163 1916 patriarche

106 1932 235 1994 exemplo,
249 1936 314 1995 ipsos
326 1936 472 1996 interrogat.

139 2003 206 2059 Quid
222 2016 280 2064 erpo
299 2003 409 2052 dicemus
426 2003 456 2052 de
472 2001 598 2052 hirraham
609 2002 682 2050 Patre
698 2005 784 2051 nostro
800 2001 940 2050 secundum
954 2001 1083 2052 carnalem
1095 2016 1163 2065 gene·

104 2072 247 2121 rationem?
257 2073 356 2132 qualem
371 2073 475 2134 adeptus
489 2077 526 2120 est
542 2074 730 2131 iustitiunrinn
749 2073 880 2132 opernm?
895 2083 929 2118 an
940 2070 1016 2120 fidei?
1032 2073 1065 2124 Et
1075 2073 1119 2122 hic
1130 2078 1162 2122 est

105 2153 193 2190 sensus
208 2144 280 2202 J'uxta
300 2147 412 2191 nostram
432 2141 578 2202 Vulgatam3
591 2153 667 2201 quern
683 2143 759 2189 etiam
782 2141 926 2201 exprimunt
944 2145 969 2188 ιι
985 2147 1127 2205 sequuntur
1138 2145 1161 2191 in

105 2211 157 2259 suls
169 2214 356 2260 commentariis
366 2211 396 2260 i).
411 2210 499 2272 Chrys.
514 2213 539 2258 et
557 2209 695 2271 Theophyl.
716 2215 741 2258 et
758 2212 834 2257 etium
852 2208 986 2271 Origenes,
1002 2212 1074 2279 juxta
1092 2212 1160 2260 Eras-

104 2292 185 2332 mum.
197 2280 267 2330 Unde
278 2281 318 2331 vel
337 2279 410 2330 aliter
426 2279 553 2341 legerunt,
566 2281 641 2340 quim
656 2293 725 2329 nunc
740 2279 827 2341 legunt
841 2279 935 2340 Graeci,
949 2279 991 2328 vel
1008 2280 1160 2344 hyperbaton

104 2355 271 2411 agnoverunt.

134 2416 167 2468 ,ιι
182 2421 321 2469 secundum
333 2422 546 2471 constructionem
557 2419 680 2481 Graecam,
688 2422 730 2470 cui
745 2419 882 2469 conformis
898 2421 935 2467 est
949 2417 1054 2480 Syriaca
1067 2425 1160 2482 versio,

104 2486 157 2538 hnh
167 2504 245 2551 quam
254 2491 328 2540 multi
346 2493 547 2540 latinorumt
503 2496 557 2541 ιιιιι
549 2494 667 2552 iquorivm
678 2495 703 2540 et
716 2493 857 2540 recentium
869 2496 1033 2559 sequuntur.
1051 2491 1159 2543 amaru

103 2556 133 2607 n.
145 2557 256 2607 Ansehn.
273 2559 301 2609 ll.
314 2560 441 2620 Thomas,
453 2560 553 2621 Estlus,
566 2566 615 2611 etc.
982 2592 984 2597 -

134 2626 199 2688 Quid
209 2629 336 2678 Abraham
346 2629 418 2679 Pater
435 2634 519 2679 nostor
536 2630 641 2692 adeptus
657 2635 694 2679 est
712 2643 757 2695 per
779 2606 906 2679 carnalem
921 2633 1160 2681 circumcisionem?

102 2698 172 2756 Juxta
186 2710 249 2759 quos
260 2697 315 2747 haec
325 2699 430 2760 quaestio
445 2698 532 2747 eadem
548 2703 587 2749 est
599 2712 628 2748 ac
645 2711 701 2760 quae
719 2701 792 2748 initio
809 2712 864 2761 cap.
883 2702 906 2748 3.
925 2700 984 2758 Quoe
998 2701 1098 2750 utititas
1116 2700 1160 2748 cir·

104 2767 282 2815 cumciaionisi

134 2833 260 2894 Quidquid
272 2836 305 2882 sit
318 2833 349 2884 de
367 2834 415 2884 hac
433 2838 553 2886 varietate
570 2839 709 2886 construct
690 2839 767 2886 tronis
778 2839 803 2885 ei
819 2834 1008 2898 explicationis,
1027 2839 1055 2887 in
1069 2852 1096 2888 re
1113 2851 1160 2888 noc

105 2907 143 2952 est
153 2916 246 2964 magna
257 2903 434 2967 discrepantia.

134 2972 249 3034 Constat,
261 2975 304 3021 et
296 2987 324 3024 ιιι
338 2987 455 3024 concesso
466 2978 504 3023 est
514 2975 582 3036 apud
594 2989 697 3038 omnes,
709 2975 817 3025 maximi
828 2975 1021 3039 upudludaeos,
1038 2976 1169 3028 Abraham·

104 3043 221 3093 hahuisse
231 3055 317 3092 veram
326 3045 467 3104 iustitiam,
478 3045 578 3104 lleoque
588 3048 759 3105 gratissimum
773 3045 858 3095 inisse.

133 3112 226 3172 Quaerit
237 3111 294 3175 ergo
305 3112 452 3175 Apostolus,
466 3111 532 3174 qual
537 3127 548 3161 s
561 3113 637 3163 inerit
650 3115 704 3163 hac
718 3114 942 3175 hhrclrcejustith,
952 3129 985 3164 an
998 3088 1170 3179 operurniau¹

102 3179 179 3229 fidei?
188 3194 232 3231 seu
242 3195 286 3244 per
297 3183 357 3243 quid
366 3183 432 3233 hanc
443 3184 548 3246 adeptus
560 3186 610 3235 sit:
622 3198 655 3233 an
667 3198 711 3247 per
723 3187 960 3234 circumcisionem?
969 3199 1002 3235 an
1014 3201 1060 3250 per
1070 3188 1159 3241 tidem?

103 3251 196 3299 etenim
209 3254 234 3300 et
245 3249 294 3299 init
307 3252 489 3312 circumcisus,
501 3257 526 3300 et
539 3253 653 3302 credidit.

132 3318 408 3380 Respondehuntiudaei
420 3320 487 3381 quod
496 3333 539 3381 per
551 3323 771 3370 circumcisionem
779 3325 804 3370 et
812 3335 896 3384 opera.
904 3323 1067 3375 Contrarlum
1078 3333 1160 3378 autent

101 3387 144 3438 hic
154 3388 182 3438 ll.
194 3388 287 3439 Paulus
299 3389 387 3439 multis
404 3391 544 3440 rationibus
558 3391 656 3452 prohat.

131 3474 155 3522 2.
168 3473 198 3522 Si
213 3473 278 3522 enim
300 3473 431 3522 Abraham
452 3487 481 3522 cc
498 3474 625 3534 operibus.
641 3477 666 3521 ιο
679 3472 755 3533 Negat
772 3486 815 3535 per
830 3475 1051 3524 circumcisionem
1071 3480 1096 3525 et
1113 3475 1159 3526 alis

101 3547 202 3592 externa
215 3543 293 3592 luisse
301 3543 482 3603 iustificatum:
492 3543 558 3592 hanc
568 3543 670 3604 quidem
681 3546 848 3604 negationem,
857 3544 920 3593 torte
929 3557 962 3593 ne
969 3544 983 3593 J
986 3545 1070 3595 udseos
1080 3545 1157 3605 laedat,

98 3612 183 3661 verbis
195 3625 247 3661 non
260 3614 390 3674 exprimit3
402 3612 445 3661 sed
462 3615 534 3672 qrrasi
545 3625 687 3674 expressam
700 3615 890 3661 ratiocinatione
903 3615 1043 3663 convincit.
1056 3617 1087 3664 Si
1098 3617 1157 3681 ιιιιιιι

100 3695 129 3730 cc
137 3682 345 3740 circumcisione,
360 3683 404 3729 aut
415 3681 533 3742 operibus
546 3683 654 3730 externis
664 3680 819 3742 justificatus
827 3687 885 3729 essct
896 3681 1046 3740 Abrohom,
1059 3683 1156 3736 haberet

100 3749 217 3809 equidem
239 3749 350 3812 ciceiam
368 3752 496 3808 καύχημα,
516 3748 705 3810 gloriationem,
723 3749 748 3797 id
767 3754 817 3806 ost,
840 3749 907 3798 unde
924 3748 1075 3810 gloriaretur
1094 3749 1159 3811 apud

99 3815 231 3878 homines,
244 3818 288 3878 qui
304 3821 406 3867 externa
418 3817 499 3866 soldm
513 3817 601 3867 vident
611 3837 618 3876 ;
628 3818 670 3865 sed
686 3831 735 3866 coc
748 3818 818 3878 opud
828 3818 924 3875 Deum,
934 3819 978 3877 qui
992 3831 1036 3867 cor
1049 3819 1158 3868 hominis

100 3884 228 3949 inprimis
244 3887 358 3936 intuetur
374 3904 382 3936 ι
401 3887 445 3950 qut
457 3889 569 3937 mentem
579 3921 587 3948 ,
597 3885 687 3948 iidem,
703 3885 823 3936 allectum
831 3921 839 3948 ,
850 3888 1019 3936 intentionem
1034 3889 1158 3951 operantis
