2534 4432
155 235 208 288 836
351 234 478 286 PRIMAE
497 232 693 286 EPISTOLAE
713 230 761 283 ab
776 230 1017 284 CORINTHIOS

186 327 224 376 An
243 324 303 375 verb
314 327 432 377 debemus
451 330 592 376 existimare
607 323 672 387 qudd
691 337 750 387 pro-
804 330 850 379 10.
862 329 902 377 An
914 331 1030 391 propter
1050 336 1105 376 nos
1120 321 1214 390 utique

156 399 211 456 pter
230 407 275 444 nos
287 396 411 457 precipue
428 396 494 444 hane
506 394 584 456 legem
595 394 700 442 tulerit?
714 394 746 440 ile
771 403 824 455 1100
839 403 925 455 dreit?
936 404 1005 454 Nam
1028 406 1145 467 propter
1165 414 1215 454 pos

157 460 217 540 saud
234 466 333 523 propter
350 476 396 511 nos
412 462 571 525 (Apostolos,
584 463 694 524 aliosque
705 463 748 511 liei
771 479 872 546 scrip„
887 486 952 532 sum
966 497 972 531 :
985 478 1123 544 quoniam
1135 477 1215 531 debe,

156 526 281 577 llrnlstros
307 530 334 576 ln
355 541 411 578 area
434 545 479 581 sua
500 530 682 592 triturantes),
700 530 748 578 boe
772 557 778 567 ·

157 597 278 657 seriptum
288 600 334 644 est.
344 594 548 659 Quandoquidem
558 600 602 658 qui
612 602 680 656 arat,
689 609 747 645 eum
771 570 799 607 ¹¹¹
812 569 886 644 ‚spest
906 557 954 620 qni
974 559 1053 644 ‘frat’
1075 567 1156 607 amre
1169 570 1177 606 ³
1189 560 1215 607 α

157 676 200 726 spe
211 666 298 713 messis
316 666 510 727 participandae,
522 671 594 724 arat,
607 670 631 713 et
642 666 685 726 qui
703 667 749 712 tri·
772 647 819 698 ‘¹¹¹¹
843 637 968 697 “numt’
982 645 1013 684 ¹¹¹
1036 645 1088 698 ΨΘ
1110 630 1216 686 ΝΜ

157 734 241 789 tutat,
254 743 313 780 oum
330 743 373 794 spe
387 731 565 795 participanda
580 734 690 792 triturae,
704 734 750 781 tri·
771 708 951 775 percipiendi.

158 803 247 847 iurat:

188 866 339 926 Magnumue
353 868 417 926 erit,
435 869 456 915 si
475 879 520 915 nos
532 903 539 926 ,
553 869 596 928 qui
610 865 748 928 spiritualia
804 873 849 922 11,
863 871 892 923 sq
906 883 958 922 110³
970 869 1050 922 vobis
1063 867 1215 936 spirituali,

158 936 228 984 vobis
239 937 435 997 seminavimus,
451 936 562 987 earnalia
575 942 719 986 metamus?
772 947 980 1009 seminavimus,
994 939 1129 1012 magnum
1142 949 1185 996 est
1193 943 1214 996 ,i

772 1019 1214 1074 noscarnaliavestrametamus?

189 1093 215 1142 Si
226 1093 269 1143 alil
282 1094 331 1145 boe
344 1096 371 1144 in
387 1108 432 1144 vos
441 1099 497 1155 jure
516 1099 624 1147 utuntur
632 1117 640 1159 ς
653 1097 748 1158 quantd
805 1101 849 1150 li.
866 1099 894 1150 Si
904 1099 949 1150 alii
959 1097 1108 1163 potestatis
1117 1101 1214 1149 vestra

191 1248 327 1295 10.Aaaoa
338 1251 442 1308 propter
452 1258 496 1294 aar
514 1245 608 1306 atique.
620 1243 662 1294 Gr.
674 1246 793 1305 omnino,
811 1245 899 1305 idest,
913 1243 1049 1307 praeeipud.
1065 1243 1129 1295 Vide
1142 1256 1214 1307 para-

161 1313 279 1375 phrasim.

190 1382 328 1444 Respondet
339 1383 386 1432 sibi
400 1381 559 1442 affirmative,
571 1382 657 1431 dloeus
671 1401 677 1431 :
691 1383 755 1432 Nam
763 1388 866 1444 propter
879 1397 924 1432 aar
936 1383 1032 1443 scripta
1045 1387 1120 1440 suat,
1130 1382 1157 1431 ld
1165 1386 1213 1440 asir

161 1451 194 1499 lta
206 1450 266 1499 sane
275 1454 375 1513 propter
386 1464 431 1500 nos
442 1450 571 1513 Apostolos
581 1487 587 1510 ,
599 1451 709 1512 aliosque
722 1451 765 1500 liei
776 1452 915 1511 llinistros,
926 1450 951 1499 id
960 1451 1085 1511 scriptum
1098 1453 1138 1499 est
1149 1451 1213 1512 prin-

160 1517 283 1579 cipaliter.

190 1586 275 1646 ltaque
291 1585 339 1636 duo
356 1588 415 1635 sunt
432 1586 576 1635 attendendi
594 1599 681 1636 sensus
699 1587 725 1634 in
737 1585 786 1635 hae
803 1585 846 1635 liei
862 1584 931 1646 lege,
946 1584 1062 1634 litteralis
1076 1584 1174 1636 seilleet
1191 1589 1214 1634 et

159 1656 291 1715 mysticus.

190 1723 313 1772 litteralis
325 1727 362 1772 est
375 1722 405 1771 de
420 1723 512 1783 bobus,
523 1725 645 1784 mysticus
657 1722 717 1772 verb
729 1726 766 1772 est
779 1722 810 1772 de
823 1722 961 1785 Apostolls,
974 1734 1113 1784 eorumque
1125 1721 1213 1772 simili·

159 1791 220 1851 bus,
232 1794 275 1853 qui
288 1794 315 1841 ln
328 1805 386 1841 area
399 1792 498 1840 Domini
511 1792 632 1841 laborant.

190 1861 313 1910 litteralis
329 1861 431 1922 quidem
447 1863 542 1922 primus
556 1873 642 1910 sensus
654 1864 707 1910 est:
719 1862 840 1923 mysticus
855 1858 915 1910 verb
928 1860 1066 1922 primarias
1078 1865 1132 1910 ests
1145 1864 1211 1924 prin-

160 1929 273 1990 cipaliter
288 1931 303 1978 i
315 1929 364 1978 lieo
375 1931 498 1979 intentus.

190 1999 278 2059 Legem
296 2001 379 2058 itaque
392 1998 473 2048 serens
484 1999 548 2047 liene
561 1998 592 2047 de
603 1997 682 2047 bobus
693 1997 881 2057 triturantibus,
893 2009 925 2045 ne
941 1999 1157 2059 capistrarentur,
1169 2012 1212 2050 vo-

159 2066 207 2115 luit
221 2066 360 2128 signilleare
372 2079 428 2127 eos,
438 2068 481 2127 qul
495 2068 521 2115 ln
534 2080 580 2116 sua
595 2078 654 2116 area
666 2066 791 2126 laborant,
802 2078 853 2115 non
867 2065 955 2114 debere
968 2066 1109 2128 inlraenari,
1118 2067 1145 2117 ld
1158 2072 1211 2129 est,

159 2147 231 2197 pesse
244 2148 274 2185 ex
286 2135 419 2196 Evangelio
432 2139 523 2184 vivere.

190 2204 383 2266 argumentatur
396 2217 453 2264 ergo
472 2205 515 2253 bie
526 2203 657 2265 Apostolus
670 2202 787 2253 aminori
803 2204 835 2253 ad
850 2205 931 2263 majus
943 2223 950 2263 ;
962 2206 1035 2264 quasi
1051 2205 1148 2256 diceret
1161 2225 1168 2256 ε
1187 2205 1209 2255 Si

160 2272 225 2321 Deus
232 2272 357 2322 eonsuluii
367 2272 398 2320 de
410 2273 505 2332 bobus,
519 2271 612 2333 quantb
621 2272 701 2332 magis
710 2274 787 2321 servis
795 2274 846 2321 suis
856 2308 862 2331 ,
871 2272 1016 2321 bominibus
1029 2272 1208 2333 laborantibus,

161 2340 304 2390 consultum
317 2353 369 2390 esse
384 2340 463 2389 voluit
473 2345 478 2388 i
489 2343 509 2389 si
521 2342 609 2390 bovem
623 2340 702 2388 voluit
711 2341 741 2389 de
755 2353 800 2389 sua
811 2342 902 2390 tritura
916 2343 1002 2389 vivere
1010 2377 1017 2401 ,
1025 2341 1122 2401 quanti
1133 2344 1209 2405 magle

160 2409 287 2470 Evangelii
298 2410 438 2457 Ministrum
454 2409 485 2458 de
498 2408 647 2470 Evangelioi

190 2479 240 2527 lloe
252 2481 370 2538 praterea
382 2479 503 2538 ostendit,
515 2479 624 2527 multum
638 2491 693 2541 esse
701 2478 789 2528 debere
800 2480 933 2528 lioatorum
947 2479 1077 2541 laborem,
1090 2482 1127 2530 ait
1137 2481 1209 2531 lilius

160 2546 363 2607 chrysostomus,
377 2552 462 2608 utpote
474 2548 517 2608 qui
532 2547 611 2596 bobus
626 2548 817 2608 triturantibus,
829 2559 873 2596 seu
887 2547 1044 2596 frumentum
1061 2548 1161 2610 apolea
1172 2561 1208 2598 se-

158 2615 321 2678 parautlbus,
333 2615 513 2664 assimilantur.

188 2684 300 2733 Ostendit
315 2687 391 2733 etiam
406 2683 472 2745 qubd
491 2697 547 2744 qua
566 2683 596 2732 de
620 2683 700 2732 brutis
718 2684 810 2744 seripta
830 2688 905 2743 suut,
920 2695 949 2731 ea
967 2685 1096 2746 praecipue
1112 2689 1208 2747 prepter

158 2753 290 2804 hominum
301 2755 441 2804 doctrinam
456 2757 547 2817 seripta
561 2759 636 2814 sunt;
646 2769 670 2803 v.
684 2767 718 2815 g„
730 2754 773 2802 hle
788 2754 879 2803 ludaeis
890 2756 1025 2816 praecepit,
1038 2758 1116 2804 etiam
1130 2758 1158 2804 in
1169 2757 1208 2815 Ju-

158 2827 249 2874 mentis
260 2825 457 2874 misericordiam
469 2836 598 2884 exercere,
610 2828 637 2872 ut
648 2837 703 2872 eam
713 2825 741 2872 lu
750 2823 863 2873 homines
874 2822 953 2872 ntulid
966 2824 1047 2884 magis
1057 2829 1207 2874 exercerent.

191 2899 315 2957 Quoniam
328 2900 395 2948 debet
406 2900 432 2946 a'a
442 2911 500 2960 spe,
511 2898 555 2959 qai
568 2905 641 2954 arat,
654 2910 737 2946 arare.

186 2968 254 3018 Nova
266 2968 365 3018 videtur
384 2980 436 3017 esse
454 2968 581 3029 probatio,
599 2969 694 3016 ratione
708 2967 803 3016 scilieet
818 2969 845 3015 ln
867 2967 1018 3028 seripturis,
1039 2972 1065 3016 et
1076 2971 1104 3017 ln
1120 2972 1207 3018 natura

156 3038 193 3086 rei
202 3074 209 3096 ,
218 3036 335 3095 lundnti;
347 3039 417 3095 quasi
429 3035 520 3085 diceret
530 3055 536 3084 ι
550 3034 755 3096 Quandoquidem
766 3038 809 3096 qui
823 3039 893 3094 arat,
906 3037 966 3085 evim
975 3049 1018 3097 spe
1030 3038 1120 3086 messis
1131 3040 1207 3100 partl-

158 3104 269 3167 eipaudae
284 3107 339 3153 arat
348 3123 355 3162 ς
365 3106 390 3151 et
404 3105 448 3163 qui
459 3106 573 3164 triturat,
587 3115 647 3153 eum
655 3115 699 3165 spe
708 3103 886 3166 participanda
897 3104 994 3152 tritura
1005 3105 1118 3155 triturat.
1131 3106 1208 3169 iunge

157 3172 223 3234 quod
236 3173 357 3232 sequitur.

190 3257 226 3302 ll.
240 3252 269 3301 Si
281 3265 326 3299 aar
340 3250 411 3299 vobis
422 3252 598 3312 spiritualia...

186 3322 336 3404 linguumne
347 3321 407 3378 erit,
418 3320 440 3368 si
451 3332 515 3381 nos,
526 3323 569 3382 qui
582 3320 721 3384 spiritualia
734 3321 808 3383 vobis,
817 3324 1014 3384 seminavimus,
1028 3326 1142 3376 earnalia
1158 3337 1209 3377 me

156 3392 280 3510 tarlrlrlilrrsssss
290 3459 503 3518 argumentatore
517 3462 609 3508 minori
627 3459 659 3508 ad
677 3461 773 3522 maius3
784 3461 816 3509 ab
827 3460 971 3509 bominibus
991 3466 1086 3512 terram
1103 3464 1209 3515 colenti-

156 3531 202 3578 bus
212 3564 219 3587 ,
230 3531 254 3576 et
268 3531 364 3575 terrena
374 3527 534 3584 curantibus,
544 3528 576 3576 ad
584 3527 699 3577 homines
711 3530 810 3578 animas
823 3529 952 3589 docentes,
963 3533 988 3578 et
998 3531 1110 3582 ooelestla
1122 3570 1130 3594 ,
1140 3538 1208 3584 aeter-

156 3610 238 3659 naque
253 3597 318 3645 bona
329 3600 500 3657 procurantes.

186 3666 231 3715 llio
247 3677 333 3714 rursus
347 3663 442 3711 indicat
452 3662 562 3714 multum
573 3663 709 3716 beatorum
720 3664 847 3728 laborem,
859 3668 895 3715 alt
909 3666 987 3717 Divus
996 3667 1206 3732 chrysostomus,

155 3737 243 3791 urunt,
255 3735 358 3790 serunt,
369 3730 500 3780 triturant.

188 3819 225 3866 ti.
237 3817 265 3864 Si
275 3815 322 3863 otii
332 3814 458 3876 potestatis
469 3821 554 3864 aertroe
564 3817 698 3880 participer
712 3823 798 3869 suat...
812 3820 904 3870 iterum
917 3819 931 3868 a
945 3821 1039 3868 mlnorl
1053 3820 1087 3870 ad
1096 3825 1189 3884 malus.

185 3885 212 3935 Si
229 3884 286 3944 alii,
305 3884 347 3945 qul
363 3895 407 3945 per
425 3883 588 3948 Evangellnm
606 3889 633 3936 in
653 3885 750 3937 Christo
770 3899 814 3939 vos
830 3901 881 3938 non
901 3892 1061 3951 genuerunt,
1077 3895 1209 3956 patresque
