2520 4440
339 270 508 326 rnrrtnx
525 273 752 333 EXPOSI'HO.
772 271 853 331 clo.
874 275 934 329 xV.
1114 273 1169 329 ΜΒ

103 399 1169 436 w

234 635 235 639 Ν
281 564 284 568 .
334 470 470 592 error
492 518 690 597 orcruuu
712 518 934 604 oorurou.

268 680 379 721 TEXTUS.
776 649 963 722 sinirnensis.

99 788 128 839 t.
139 796 302 916 Durnuus
319 796 412 844 autem
428 805 483 854 1¹0⁵
494 792 544 847 fira-
618 789 763 842 ostentum
779 790 900 840 debemus
916 788 1065 840 scandalum
1078 791 1167 852 quovis

199 864 304 918 miopes
329 883 332 888 ·
343 868 544 924 imbecillitates
617 857 692 908 modo
704 861 784 908 vitare
794 878 801 920 3
811 859 855 911 sed
866 862 891 907 et
902 866 962 920 nos,
971 861 1016 920 qui
1032 858 1072 908 vel
1084 861 1168 909 seien-

99 938 277 995 jnfifmomm
286 945 422 1000 sustinere
448 951 476 1000 et
484 961 542 1002 non
565 925 600 973 tit
611 964 617 987 ‚
629 926 670 976 vel
685 929 779 978 virtute
791 929 959 990 provectiores
978 941 1080 988 sumus,
1090 927 1167 977 debe·

99 1019 317 1087 ¹¹⁰¹³1⁵s¹³0⁰n³
428 985 436 1012 '
565 1006 623 1114 iii
636 995 1167 1117 {⁰¹illilttallliiltlesit

565 1134 638 1183 ritate
646 1079 811 1194 8¹giselinum
839 1138 865 1183 et
894 1146 946 1184 non
979 1117 1165 1196 uobismetipsis

565 1201 663 1285 plaeere
673 1203 728 1263 ,vel
740 1203 771 1252 oh
786 1202 919 1253 seientiam
932 1205 1062 1262 nostram,
1076 1202 1117 1252 rel
1133 1201 1165 1251 ob

132 1334 160 1386 2.
195 1335 394 1404 Unusquisque
420 1341 541 1395 vestrum
565 1275 751 1403 Ἦῐὸῒὲὲθῗᾷῑῑὺε
777 1343 951 1402 unusquisque
972 1338 1101 1401 vestrum,
1123 1338 1164 1389 sui

96 1410 229 1477 proximo
245 1427 298 1466 suo
313 1416 420 1481 placeat
440 1419 469 1471 jn
487 1419 542 1474 ho.
565 1412 737 1471 contemplor,
748 1409 847 1459 studeat
856 1411 969 1471 proximo
988 1420 1033 1457 suo
1048 1407 1163 1470 plaeere,

97 1501 167 1540 num
175 1527 183 1554 ‚
200 1489 238 1542 ad
248 1489 470 1547 aedificationem·
564 1480 589 1525 et
600 1477 769 1537 patruorum
785 1478 816 1526 iis
825 1489 881 1537 quae
892 1478 972 1539 ipsius
984 1476 1051 1525 bono
1060 1475 1166 1533 cedunt,

564 1549 589 1594 et
600 1557 645 1607 per
657 1557 713 1606 quae
725 1549 806 1609 potest
817 1545 882 1594 efflei
893 1544 992 1593 melior.

124 1705 187 1756 cas.
199 1705 249 1756 XV.
264 1709 286 1756 1.
300 1706 421 1757 Debemus
432 1714 516 1759 autem
536 1725 581 1761 uos
599 1713 733 1774 firmiores.
744 1712 786 1762 Gr.
802 1717 924 1775 potentes.
937 1712 994 1774 Syr.
1009 1711 1085 1761 lones
1093 1731 1101 1772 3
1113 1702 1163 1760 isu-

97 1773 244 1894 ieeiliitotgo
257 1775 428 1893 infirmorum.
442 1776 485 1827 Gr.
508 1780 696 1842 impotentium.
713 1782 770 1844 Syr.
786 1780 1105 1842 submurmurantium.
1117 1779 1160 1830 Gr.

95 1848 207 1907 portare.
237 1857 276 1906 yr.
303 1857 366 1895 erre.
875 1874 878 1879 ·
1143 1899 1147 1904 .

124 1913 190 1962 Nota
208 1913 292 1976 primo
309 1915 432 1966 debemus.
445 1917 562 1974 Debitum
572 1924 610 1970 est
621 1919 740 1971 fraternae
750 1921 894 1981 eharitatis,
909 1920 1089 1979 morosiores,
1101 1918 1162 1968 doe·

95 1985 187 2044 tiores,
199 1986 229 2033 in
239 1987 333 2039 vvirtute
350 1989 518 2048 provectiores
534 1989 699 2051 charitativo,
712 1995 737 2040 et
749 1991 839 2040 leniter
852 1991 934 2040 terant
946 1991 1123 2053 infirmorum,
1135 1987 1162 2037 ld

96 2057 151 2115 est,
166 2053 256 2103 minus
276 2053 426 2117 doctorum,
441 2057 528 2107 minis
545 2059 715 2120 perlectorum
729 2062 900 2122 ignorantias,
915 2059 1124 2118 allucinationes,
1136 2055 1162 2104 et

95 2135 152 2185 quae
168 2136 201 2173 er
213 2122 306 2173 talibru
318 2126 466 2186 ignorantiis
477 2127 584 2179 laniunt.

123 2193 189 2243 Nota
211 2192 324 2243 seeundo
336 2195 463 2254 sustinere,
475 2201 576 2259 portare
586 2199 708 2260 tanquam
724 2213 799 2260 onus,
811 2201 890 2248 instar
898 2197 1052 2259 baiulorum.
1064 2194 1102 2244 Ad
1112 2195 1161 2244 hoe

95 2265 188 2326 qrippe
205 2262 281 2312 datur
293 2265 330 2312 eis
344 2265 383 2314 ris
398 2267 423 2313 et
440 2267 540 2327 virtus,
555 2270 584 2316 ut
602 2270 704 2329 portent
721 2268 912 2331 compatiendo,
929 2263 1077 2321 instruendo
1089 2301 1097 2325 ‚
1108 2275 1161 2313 non

95 2332 273 2396 imprudenter
291 2333 502 2396 contradicendo,
516 2335 666 2386 scandalum
677 2338 782 2387 vitando
791 2374 798 2399 ,
806 2339 903 2392 bouum
914 2333 1058 2398 exemplum
1068 2331 1160 2385 dando

123 2403 198 2453 Sient
207 2405 235 2451 in
247 2416 350 2466 corpore
359 2405 469 2455 naturali
484 2405 598 2455 membra
615 2405 727 2457 llrmlora
737 2407 822 2458 lerunt
839 2406 977 2468 debiliora3
989 2405 1026 2455 sio
1038 2405 1067 2453 in
1076 2400 1162 2461 lisele-

94 2475 130 2524 sla
142 2472 273 2528 firmiores
291 2473 384 2523 debent
395 2474 509 2526 intirmos
525 2477 659 2527 sustinere.
936 2521 939 2524 ,

122 2543 199 2594 Siout
210 2543 239 2590 in
252 2541 357 2592 aeditleio
368 2544 492 2594 materiali
506 2543 591 2605 aliqua
608 2542 735 2608 eliguntur
754 2545 867 2597 firmiora
877 2583 885 2608 ,
895 2559 923 2595 v.
936 2557 970 2607 g„
985 2542 1160 2599 fundamenta,

94 2611 224 2662 columna
233 2648 240 2672 ,
249 2616 298 2660 ete.
313 2611 345 2660 ad
358 2613 535 2662 sustinendum
551 2616 634 2664 totum
655 2614 755 2665 aedifleli
774 2615 892 2678 pondus,
911 2606 979 2674 quod
994 2622 1025 2659 ex
1039 2608 1161 2668 fragiliori

92 2683 203 2732 materia
221 2681 401 2743 superponitur
419 2684 474 2731 elta
489 2683 568 2732 etiam
587 2683 615 2732 ln
635 2683 761 2746 spirituali
781 2682 900 2738 lleelesiae
911 2678 1033 2738 sonoro,
1045 2676 1162 2726 tortiores

91 2750 205 2803 allorum
216 2748 309 2798 debent
318 2761 383 2798 onus
396 2753 528 2804 sustinere.

120 2827 155 2875 Et
165 2837 219 2874 noo
234 2823 308 2873 uobis
318 2823 424 2886 plaeere.
436 2825 478 2890 Gr.
491 2830 516 2876 et
527 2828 582 2892 Syr.
597 2839 649 2878 uon
663 2827 736 2876 uobis
754 2827 831 2888 ipsis,
843 2824 870 2877 id
881 2824 935 2882 est,
949 2833 1006 2880 non!
1021 2817 1161 2869 nobismet-

86 2895 152 2958 ipsis
166 2893 280 2956 plaeere,
291 2893 330 2942 vel
345 2895 372 2942 in
383 2893 447 2956 tine,
462 2896 503 2946 vel
517 2899 651 2948 insolentia
660 2934 667 2958 ‚
676 2896 717 2946 vel
733 2894 908 2945 invirtutibus
922 2889 1025 2939 uostris.

118 2965 208 3015 Potest
224 2965 302 3015 etiam
315 2962 420 3026 intelligi
432 2970 455 3014 et
469 2979 520 3015 aaa
533 2968 621 3024 mois,
633 2979 677 3016 seu
688 2967 775 3015 auimo
792 2966 881 3012 nostro
899 2970 998 3016 morem
1013 2965 1111 3018 gerere,
1123 2952 1162 3004 ln-

84 3035 184 3087 ·elendo
195 3037 298 3151 tantgm
312 3047 368 3095 quae
377 3035 448 3087 uobis
466 3039 536 3098 grato
552 3040 648 3088 suntet
658 3035 730 3085 utilia
741 3071 748 3096 ,
760 3045 805 3083 sen
819 3031 915 3081 nostris
929 3026 1031 3077 tantum
1047 3035 1162 3075 eommo-

89 3104 128 3155 dis
145 3104 249 3154 servlen
267 3115 291 3152 0.

118 3174 211 3233 ltaque
226 3172 294 3220 sieut
304 3169 394 3222 divites
405 3160 495 3223 debent
510 3174 663 3236 pauperihus
680 3181 795 3232 erogare3
809 3169 846 3217 sle
859 3162 985 3214 doctiores
1005 3165 1030 3211 et
1048 3160 1161 3211 tortiores

87 3243 184 3293 debent
200 3253 290 3300 suam,
303 3239 344 3290 rel
361 3244 507 3304 seleutiam,
522 3243 562 3293 vel
584 3241 759 3293 tortitudinem
776 3236 971 3289 communicare
988 3233 1034 3280 zet
1048 3233 1115 3283 slent
1134 3231 1162 3278 lu

87 3313 142 3362 suis
156 3309 255 3373 divitiis
273 3309 321 3358 sibi
334 3309 432 3371 plaeere
447 3315 582 3375 proauum
600 3315 653 3371 est,
665 3309 706 3359 vel
727 3320 771 3356 ens
792 3306 842 3356 sibl
863 3303 911 3354 soli
930 3311 1074 3360 reservare;
1087 3299 1124 3348 sle
1137 3300 1162 3350 ot

88 3384 226 3444 peceatum
239 3382 278 3428 est
289 3379 337 3434 sibi
352 3372 450 3442 plaeere
464 3382 491 3430 iu
502 3392 653 3444 quoeunque
664 3380 731 3428 bono
741 3414 748 3438 ‚
759 3375 830 3438 quod
843 3385 897 3438 pra
909 3370 966 3421 allls
984 3368 1078 3419 habere
1093 3364 1162 3417 uos·

87 3462 164 3511 mur,
177 3452 203 3498 ot
215 3460 311 3497 eonon
323 3450 360 3496 uti
373 3448 406 3497 ad
416 3452 524 3511 proximi
536 3449 699 3500 commodum
717 3449 742 3496 et
757 3443 880 3495 salutem.

118 3534 143 3582 2.
165 3530 343 3592 Unusquisque
356 3532 465 3581 rutrum
474 3532 619 3595 prosim...
627 3529 671 3579 Gr.
683 3526 817 3585 nostrum
832 3523 859 3572 ld
871 3524 926 3582 est,
937 3517 981 3569 sed
993 3529 1046 3567 uun
1075 3515 1162 3579 utrque

87 3602 205 3662 Ρῑθῑῑῑῐὶθ
215 3611 263 3649 ⁵¹10
276 3597 475 3662 condeseenrlat,
486 3600 712 3662 moremquegerat
723 3593 840 3646 utillum
852 3589 900 3640 sun
911 3586 1032 3638 chanuto
1039 3593 1060 3631 u
1078 3578 1160 3639 illotis

87 3670 120 3720 od
129 3671 229 3734 bonum
243 3667 374 3729 attrahat,
384 3669 522 3734 meliorque
533 3670 586 3720 ssat.
1142 3722 1145 3730 Ι

115 3746 178 3794 iloto
190 3742 262 3806 quaid
274 3754 327 3791 non
339 3743 366 3790 ln
378 3745 494 3794 omnihus
505 3746 620 3808 proximo
631 3744 719 3792 nostro
731 3733 879 3802 Ygraliilearl
891 3729 1024 3789 debemus,
1035 3720 1078 3779 soll
1094 3721 1164 3796 talu

88 3827 142 3877 quae
166 3817 250 3879 ipsius
269 3813 337 3861 bono
353 3816 377 3861 et
399 3814 559 3864 aedifleuioni
576 3813 690 3864 redunt:
705 3813 729 3858 et
743 3812 772 3858 ln
788 3806 840 3855 hoe
859 3799 945 3849 ditiori
965 3789 1163 3861 sumptionem,

88 3896 162 3946 qoam
177 3883 291 3944 inspirat
309 3879 433 3941 charitas,
446 3881 478 3931 ab
494 3881 553 3943 illa,
566 3893 644 3943 quam
656 3878 765 3941 inspirat
782 3868 924 3935 cupiditas.

116 3950 251 4019 Cupiditas
268 3952 296 3999 et
312 3948 442 4000 mundans
455 3948 556 4003 dileetio
563 3946 708 4013 eomplaeet
726 3945 756 3999 io
768 3937 857 3999 molo,
869 3935 895 3987 ot
908 3925 940 3985 td
953 3921 1066 4001 llllllli
1079 3924 1165 3989 oraru
