2520 4440
166 212 218 263 584
352 210 476 263 PthlAE
496 209 702 262 tristata
721 204 1029 261 antemurales

195 304 232 352 Er
245 300 323 352 relata
340 305 498 352 institutione
518 308 542 352 et
556 317 585 352 ex
598 303 648 353 tine
661 306 763 352 institu—
819 305 864 354 26.
899 301 1127 365 Quotiescunque
1154 295 1215 349 enin

165 373 241 421 tionis
254 385 298 434 per
312 371 440 421 Christum
456 372 567 420 indicato
577 409 584 432 ,
596 371 685 420 ridetis
696 370 762 432 qued
785 376 989 430 manducabitis
1000 388 1103 442 panem
1117 373 1215 424 hanuet

194 556 290 606 Rursus
303 557 356 617 ipsa
366 553 457 613 rerba,
470 564 514 601 seu
526 552 661 600 verborum
680 557 825 612 contextus,
837 553 889 600 Hoc
901 557 935 600 est
945 563 1038 612 corpus
1049 563 1149 607 meum,
1162 550 1216 611 quod

165 641 212 689 pro
226 625 298 675 uobis
315 625 429 674 trudetur
445 635 523 683 :ergo
538 635 627 671 verum
641 635 751 686 corpus,
763 623 831 685 quod
841 623 872 673 tie
887 621 954 672 facto
970 633 1017 684 pro
1032 621 1107 670 nohis
1117 622 1144 670 in
1159 633 1216 670 mor·

165 701 216 745 tem
227 694 348 743 traditum
362 696 415 752 est,
430 705 482 741 non
495 692 583 753 ligura.

194 763 238 814 Vel
252 763 392 814 seeundum
405 762 447 811 Gr.
461 763 528 824 quod
540 760 678 823 [renuitur.
694 759 794 811 Scilicet
807 763 861 822 jam
873 760 904 809 de
919 762 1039 823 prasenti
1050 798 1058 820 ‚
1070 773 1116 823 per
1129 760 1217 811 tractio-

165 845 224 883 nem
244 833 385 896 specierum
400 834 486 893 panis,
506 833 532 879 in
549 829 640 879 Christi
664 842 755 893 corpus
770 833 824 891 tam
844 831 959 879 conversi
982 842 1055 878 :nee
1082 832 1151 879 enlm
1167 829 1216 879 tlibi

164 903 273 953 tractum
292 905 329 950 est
343 913 434 962 eorpus
447 901 549 950 Christi.

173 1015 179 1032 ,
195 976 241 1026 Hic
252 981 286 1025 est
296 976 400 1036 sanquis
413 988 482 1023 meus
493 975 552 1023 uoci
571 975 731 1034 Testamenti,
748 977 793 1036 qui
809 989 856 1037 pro
871 973 958 1023 multis
976 975 1127 1035 emendetur.
1142 974 1216 1023 hritlt.

165 1049 204 1096 26.
217 1048 257 1105 28,
271 1045 346 1093 hiare.
366 1046 402 1092 it.
417 1045 447 1091 ai
467 1044 642 1103 tdffltudetur.
657 1042 758 1093 Scilicet
776 1046 803 1092 in
820 1056 904 1093 cruce.
919 1042 964 1093 Vel
980 1046 1053 1104 juxta
1068 1043 1113 1093 Gr.
1125 1041 1218 1104 effundi·

165 1121 207 1164 tur
228 1134 236 1163 .·
245 1117 299 1173 jam
316 1113 376 1162 crim
389 1111 479 1172 singuli
491 1112 590 1161 hibunt.

194 1183 300 1245 Sanguis
315 1195 389 1232 verus
403 1183 497 1231 eilusus
509 1185 546 1230 est
562 1183 588 1230 in
602 1194 694 1242 eruce,
708 1195 759 1231 non
782 1183 871 1245 ligura.

194 1253 300 1314 Sanguis
311 1252 402 1300 veteris
414 1251 566 1299 Testamenti
583 1249 631 1299 fuit
642 1262 717 1299 verus
736 1271 742 1301 ε
760 1258 854 1314 ergoet
868 1253 970 1312 sanguis
987 1253 1058 1301 novi.

194 1321 255 1383 Quis
268 1319 415 1370 mortalium
427 1319 515 1368 rolens
532 1319 557 1367 id
574 1332 647 1380 agere
666 1319 795 1382 (suppono
812 1320 881 1382 quod
900 1320 1024 1370 divinitus
1035 1319 1132 1382 possit)
1143 1357 1150 1381 ,
1160 1320 1216 1382 quad

164 1391 292 1440 Christum
304 1389 391 1438 iecisse
403 1390 545 1449 credimus3
555 1390 624 1450 quis,
638 1389 757 1451 inquam,
770 1393 853 1452 posset
861 1389 944 1439 verbis
955 1388 1108 1439 clarioribus
1116 1392 1217 1439 uitiltoe

164 1469 198 1512 est
212 1475 306 1522 corpus
319 1473 402 1508 meum
408 1476 418 1520 ;
434 1459 474 1507 hic
485 1465 520 1508 est
530 1458 635 1519 sanquis
645 1472 723 1508 meus.

193 1529 253 1590 Quis
267 1541 324 1589 ergo
335 1527 481 1577 mortalium
496 1528 551 1577 haec
563 1526 655 1576 Christi
667 1528 742 1576 verba
758 1527 842 1589 clara,
862 1531 887 1577 et
899 1527 1041 1591 simplicia,
1058 1541 1111 1579 non
1124 1528 1216 1578 credens

162 1598 324 1660 simpliciter,
335 1598 395 1645 ante
406 1596 498 1645 Christi
510 1595 622 1647 tribunal
633 1595 725 1646 audeat
745 1600 828 1646 stare?

193 1665 257 1726 Quid
277 1666 346 1714 euim
362 1663 521 1726 respondebit
536 1663 635 1712 Christo
648 1667 788 1724 querenti:
803 1665 854 1714 Cur
865 1665 930 1715 mihi
946 1678 1000 1715 non
1013 1666 1165 1716 credidisti?
1177 1679 1216 1716 cur

163 1737 205 1784 me
217 1737 354 1784 mentitum
369 1733 422 1783 esse
436 1732 518 1783 dixisti
527 1733 669 1783 iailirmarl
693 1747 737 1796 ego
747 1737 859 1785 veritas:
874 1737 926 1785 Hac
937 1741 972 1784 est
981 1743 1216 1798 commisceamus.

162 1810 191 1855 tu
203 1805 312 1865 negasti,
321 1804 408 1852 dicens
422 1816 472 1851 non
488 1807 525 1852 est
537 1815 628 1866 corpus
639 1841 645 1863 ,
658 1804 702 1852 sed
717 1803 795 1866 ligura
810 1807 931 1867 corporis.

193 1871 337 1923 catholicus
352 1875 438 1920 etitem
450 1884 553 1920 securus
564 1871 681 1931 accedet,
695 1875 759 1932 etsi,
771 1885 816 1935 per
831 1872 1001 1934 impassibile,
1013 1872 1080 1924 toret
1093 1875 1217 1938 deceptus;

163 1943 257 1991 diceret
276 1942 343 1989 euim
361 1940 533 1989 confidenter:
549 1939 573 1989 Si
594 1940 712 2003 deceptus
724 1955 794 2002 sum,
808 1942 981 2003 atemettpso,
997 1944 1095 1993 aterna
1107 1945 1216 2001 veritate,

162 2010 280 2072 deceptus
291 2022 349 2057 sum
363 2027 370 2058 ε
385 2009 441 2075 ideo
455 2011 547 2070 quippe
558 2009 677 2071 deceptus
688 2009 724 2059 tui
737 2047 744 2070 ,
758 2005 817 2072 quia
828 2011 889 2071 tihi,
903 2009 1027 2061 oChrlste
1039 2049 1046 2072 ,
1059 2015 1152 2063 veritas
1164 2015 1218 2075 ipsa,

161 2079 308 2143 simpliciter
320 2078 414 2127 credidi
427 2079 520 2128 dicenti
540 2097 547 2127 ε
562 2081 612 2127 lloc
623 2084 657 2128 est
673 2091 764 2142 corpus
774 2094 857 2130 meum
867 2099 875 2140 ;
887 2084 912 2128 et
922 2082 983 2140 quia
995 2079 1217 2146 acclesiaupousa

162 2152 225 2207 tuta,
236 2147 312 2196 verba
324 2150 368 2196 tua
381 2147 521 2196 litteraliter
534 2147 698 2209 intelligenti,
711 2149 805 2198 credidi
819 2147 978 2210 simpliciter.

192 2217 293 2267 Christo
302 2215 410 2276 credidi,
423 2215 540 2264 Ecclesia
553 2214 646 2264 Christi
661 2215 768 2265 credidi.

192 2285 306 2334 Christus
320 2288 406 2333 autem
422 2285 516 2333 uetitos
527 2286 564 2332 est
579 2303 585 2331 ι
602 2282 713 2332 Ecclesia
730 2283 789 2332 rard
801 2284 894 2334 Christi
914 2284 1034 2336 columne
1052 2289 1166 2339 ueritatis
1179 2291 1216 2339 est

192 2355 302 2405 Securus
320 2353 408 2413 credo,
422 2357 446 2401 et
464 2355 491 2401 in
502 2352 552 2401 ilde
571 2352 700 2402 Catholica
715 2366 860 2416 permaneo.

125 2434 130 2441 ’
191 2440 231 2487 26.
246 2437 441 2496 Quotiescunque
457 2436 521 2484 enim
539 2436 754 2486 manducabitis...

190 2505 277 2557 Relatt
292 2506 383 2555 Christi
401 2505 501 2555 homini
525 2507 698 2567 institutione,
721 2511 746 2555 et
758 2509 838 2569 ipsius
850 2509 1019 2560 iustitutionis
1036 2510 1090 2562 fine
1103 2512 1214 2568 indue.

161 2575 257 2626 scilicet
269 2578 296 2625 iu
308 2577 456 2624 memoriam
468 2575 605 2625 Dominicae
617 2578 750 2636 passionis.

131 2689 141 2709 ,
191 2645 332 2695 Corinthios
349 2659 418 2695 nunc
436 2644 572 2706 alloquitur
584 2645 732 2706 Apostolus,
745 2650 773 2695 ut
783 2645 914 2696 attendant
925 2646 959 2696 ad
974 2650 1215 2711 superinsistant

159 2717 261 2767 rideant
274 2730 307 2766 an
319 2717 373 2767 hac
385 2718 504 2778 mysteria
516 2727 546 2764 eo
559 2714 685 2765 celebrent
700 2719 787 2766 animo
800 2721 825 2766 et
836 2716 886 2766 tine
896 2754 903 2777 ,
915 2730 966 2778 quo
980 2723 1043 2768 sunt
1056 2722 1180 2770 institute.

190 2788 219 2836 ln
236 2789 384 2836 memoriam
399 2787 537 2835 Dominicae
548 2787 671 2847 passionis
683 2783 832 2835 c'elehranda
842 2791 902 2836 sunt
912 2807 918 2836 ι
930 2788 973 2838 hie
986 2794 1026 2838 est
1036 2790 1098 2840 tlnis
1108 2793 1215 2842 dshrlttn

160 2860 272 2906 intentus
287 2860 312 2905 et
324 2855 464 2905 declaratus
475 2874 482 2914 t
495 2854 546 2903 iord
558 2855 611 2903 haec
623 2858 683 2903 suut
694 2856 801 2917 ipsamet
811 2859 931 2919 mysteria
942 2893 949 2917 ‚
960 2863 1153 2920 representatis
1162 2899 1169 2922 ,
1178 2873 1214 2910 ut·

161 2927 286 2976 nuntiatio
299 2929 359 2974 suut
369 2925 493 2987 passionis
506 2921 652 2971 Dominicae.
891 2930 893 2936 ·

189 2989 262 3042 Hune
275 3000 377 3043 sacrum
387 3005 478 3054 panem
490 2991 635 3050 comedere,
648 2990 748 3040 ethune
759 2993 897 3054 pretiosum
911 2997 1065 3056 sanguinem
1073 2995 1214 3060 'cibaremu-

161 3063 277 3110 nuntiare
289 3067 313 3111 et
324 3065 501 3123 representare
513 3064 551 3109 est
564 3060 663 3108 Domini
678 3065 794 3109 mortem.
901 3105 904 3112 .

188 3127 235 3177 Per
244 3133 392 3192 mysticam,
404 3128 500 3178 scilicet
514 3130 644 3189 sanguinis
656 3131 709 3188 ejus
720 3130 734 3176 a
747 3141 850 3190 corpore
869 3133 1073 3195 separationem,
1086 3148 1144 3198 qua
1160 3136 1185 3185 tt
1194 3136 1213 3182 ri

160 3195 293 3245 verborum
309 3209 354 3257 per
366 3198 596 3256 consecrationem
615 3196 655 3244 rel
674 3198 751 3246 eiiam
764 3209 820 3258 quae
837 3197 866 3246 tit
881 3211 925 3259 per
944 3200 1028 3261 ipsam
1045 3207 1213 3254 comestionem

160 3265 270 3324 eorporis
281 3266 359 3323 sacri,
374 3265 445 3324 quasi
456 3263 471 3312 a
483 3265 604 3325 sanguine
620 3267 742 3327 separati,
757 3271 781 3314 et
796 3267 951 3327 potationem
962 3271 1098 3330 sauguinis
1108 3273 1212 3335 pretiosi,

161 3335 187 3379 at
199 3331 288 3392 eitusi,
302 3336 327 3380 et
337 3333 351 3380 a
363 3344 466 3394 corpore
483 3334 598 3393 separati.

189 3398 217 3448 ln
232 3412 380 3462 unaquaque
399 3402 481 3461 specie
498 3405 643 3450 consecrata
655 3405 693 3450 est
706 3405 893 3464 repraesentatio
907 3407 996 3454 mortis
1012 3405 1153 3458 Dominica
1163 3446 1170 3470 ,
1179 3405 1213 3458 sel

158 3467 292 3529 perfectius
306 3471 332 3517 in
349 3472 452 3528 utraque
464 3469 549 3518 simul.

191 3544 384 3605 Quotiescunque
391 3543 576 3593 manducabitis
590 3557 681 3606 panem
691 3544 773 3602 hune,
784 3552 806 3593 et
817 3545 919 3594 calicem
932 3547 1039 3607 bibetis,
1054 3555 1162 3601 mortem
1174 3550 1213 3599 he

159 3613 219 3661 ortui
236 3612 330 3663 dehetis
346 3615 468 3673 cogitare,
483 3616 592 3673 sentire,
607 3619 785 3676 representare
799 3621 823 3663 et
834 3617 999 3668 annuntiare.
1076 3648 1084 3656 -

187 3680 240 3730 lleu
249 3681 374 3742 quantum
382 3693 438 3742 orgo
452 3680 543 3730 abestis
556 3681 571 3730 t
583 3681 713 3731 heminton
725 3695 797 3732 utana
806 3686 812 3733 t
821 3684 879 3746 jem
887 3698 938 3734 neu
949 3692 984 3736 est
1000 3688 1161 3740 Domiuieeot
1172 3701 1211 3738 ee·

158 3762 218 3797 nam
230 3751 391 3798 manducare.

187 3813 314 3877 Quantum
325 3816 417 3866 abestis
430 3816 444 3864 d
456 3815 506 3864 tine
520 3828 563 3878 per
575 3817 703 3867 Christum
716 3819 829 3869 luteutol
844 3818 958 3882 utquam
974 3823 1087 3882 graviter
1100 3827 1125 3874 et
1135 3822 1212 3874 multi·

158 3883 254 3946 pliciter
265 3886 291 3934 lu
301 3883 393 3935 Christi
408 3890 595 3935 sacramentum
606 3889 727 3949 peccetis!
