2520 4440
356 240 528 295 rnrntux
545 247 768 305 nxrosrrro.
789 254 871 307 cur.
891 257 942 307 rx.
1123 228 1185 310 sar

110 331 265 400 participes
287 342 368 401 sunt,
393 351 480 403 quare
500 354 556 392 non
580 342 660 404 magis
673 356 719 394 nos
732 345 870 408 (Apostoll,
884 354 909 398 et
919 349 1004 399 Patres
1020 353 1107 409 rostri,
1119 364 1176 412 pos-

110 407 207 473 potitis
219 426 272 465 nos
282 414 296 467 ‘t
307 414 357 466 sed
370 428 426 466 non
446 415 488 466 usi
507 430 557 468 su·
580 431 668 469 sumus
681 419 750 487 utili
763 423 805 472 sed
817 439 863 473 nos
874 425 921 474 hdo
934 429 1055 488 potestate
1072 441 1123 476 nou
1136 431 1173 477 usi

109 498 176 539 mus
194 486 247 541 1130
259 496 396 555 pompare
410 507 418 543 t
431 492 481 543 sed
499 506 557 545 om.
579 500 667 538 sumus
687 490 761 539 :imit
781 495 867 541 omnia
883 493 943 542 inde
963 498 1115 556 emergentia
1135 499 1176 546 in-

109 563 156 616 „13
169 567 357 632 sustinemus,
372 581 408 621 ne
423 571 500 635 quod
512 572 555 623 of,
579 558 710 608 commoda
722 559 927 621 perierimus,ne
938 562 1005 623 quod
1015 564 1113 624 demus,
1126 566 1174 616 hie

108 638 281 696 tendiculum
291 643 390 697 demus
403 647 554 715 Evangelio
578 622 691 674 libertate
700 629 801 686 nostri,
814 627 1023 690 impedimentum
1039 630 1174 693 Evangelio

107 717 219 771 Christi·
577 695 644 755 apud
654 709 699 746 ros
711 698 890 759 promovendo.

142 798 189 847 15.
208 798 325 851 Nescitis
348 801 482 866 quoniam
505 802 552 867 qui
606 804 711 852 Nescitis
725 804 792 865 qudd
809 807 852 866 qui
872 807 897 853 in
916 805 1173 868 templo,sacrrmt·
1221 788 1224 795 ¹

106 870 136 922 in
161 875 284 928 sacrario
308 885 476 942 operamur,
490 892 553 943 quae
576 873 680 922 nisteria
703 873 841 933 obeuntes,
862 880 1011 937 operantur,
1033 876 1064 924 de
1083 874 1170 937 templi

105 948 142 1001 de
163 953 286 1006 sacrario
308 962 373 1008 sum
404 957 490 1008 edum
505 974 511 1008 3
525 963 552 1009 et
575 940 742 990 oblationibus
765 942 919 991 comedunt:
935 946 1018 1004 etqui
1036 943 1108 992 altari
1125 945 1170 992 dc-

105 1026 156 1091 qui
183 1027 262 1080 anari
289 996 465 1097 deserssium,
486 1047 551 1086 cum
574 1012 703 1068 serviunt,
720 1023 778 1059 snas
802 1023 832 1059 ex
848 1010 935 1061 oblatis
959 1015 1070 1062 victimis
1086 1019 1169 1076 portes

103 1104 184 1156 altari
198 1106 386 1173 participant?
573 1080 724 1142 accipiunt?

137 1186 185 1233 11.
199 1186 239 1234 lta
251 1190 279 1236 et
291 1187 426 1239 Dominus
437 1188 550 1241 ordina·
603 1186 654 1234 iloc
672 1185 740 1234 idem
751 1188 794 1246 jus
810 1158 924 1236 Christus
941 1187 1010 1236 dedit
1028 1186 1167 1250 Apostolis‚

102 1260 141 1312 eit
158 1261 211 1324 iis,
232 1263 281 1328 qui
303 1267 481 1332 &angelium
499 1280 550 1318 an.
572 1260 597 1306 et
608 1257 687 1305 divini
699 1254 772 1304 Verbi
783 1257 919 1315 ministris,
931 1258 960 1303 ut
970 1255 1066 1304 scilibet
1083 1256 1168 1305 Evan-

101 1454 179 1502 restri
190 1465 243 1502 non
256 1456 332 1513 sunt;
344 1453 393 1503 hoc
404 1457 491 1503 tumen
502 1455 560 1514 jure
576 1453 696 1503 fruuntur
712 1455 739 1503 in
751 1465 795 1503 vos
801 1473 809 1514 t
821 1451 916 1514 quanto
931 1451 1012 1514 magis
1023 1464 1085 1513 nos,
1099 1453 1167 1516 Apo-

103 1521 162 1569 stoli
178 1525 203 1569 et
214 1526 298 1582 patres
309 1523 384 1569 uestri
394 1523 400 1569 1

130 1589 251 1639 Doctores
262 1591 383 1650 quosdam
397 1589 470 1640 falsos
481 1591 583 1640 denotat
592 1629 597 1650 ,
607 1593 650 1651 uui
664 1590 836 1652 impudenter,
847 1595 872 1640 et
888 1604 947 1640 cum
965 1594 1114 1641 auctoritate
1126 1605 1167 1641 ac-

101 1659 231 1721 cipiebant
247 1660 279 1708 ab
297 1661 359 1721 lpsis
376 1660 456 1709 :hinc
472 1673 523 1711 uon
541 1661 604 1709 dixit
614 1697 620 1720 ,
631 1663 651 1709 sl
665 1660 707 1709 aiil
719 1662 862 1721 occipiunt,
875 1663 933 1719 etc,
946 1661 990 1709 sed
1000 1662 1023 1724 si
1037 1663 1166 1723 potestatis

99 1734 187 1776 cestre
201 1729 339 1790 participer
351 1735 425 1788 sunt,
435 1727 484 1779 hoc
495 1733 548 1789 est,
563 1730 743 1788 dominantur,
756 1734 780 1778 et
790 1731 926 1792 imperium
944 1735 1060 1779 exercent
1070 1733 1097 1778 tn
1111 1744 1163 1779 vos.

105 1795 309 1859 theophylactus
322 1797 410 1847 divum
421 1798 628 1860 chrysostomum
644 1802 754 1846 secutus.

131 1872 244 1921 sednon
258 1872 301 1921 troi
310 1886 398 1922 sumus
412 1873 460 1922 hdo
472 1878 602 1935 potestate,
614 1879 656 1922 etc.

128 1940 178 1989 Sed
195 1952 244 1989 nos
260 1941 309 1990 boc
321 1944 377 2000 jure
389 1955 440 1991 non
452 1943 492 1990 usi
512 1955 600 1991 sumus
615 1962 621 1991 :
635 1941 679 1991 sed
693 1945 778 1992 omnia
795 1943 879 2005 potrus
890 1942 1050 1992 incommoda
1061 1944 1163 2005 perieri-

98 2023 168 2071 mus,
181 2011 294 2071 nequod
306 2011 394 2061 demus
406 2012 616 2074 impedimentum
630 2012 764 2073 Evangelio
776 2013 945 2073 promovendo
956 2032 963 2072 ;
974 2012 1060 2072 idest,
1073 2025 1104 2061 ne
1120 2014 1163 2060 de-

97 2092 153 2129 mus
166 2082 326 2141 occasionem
343 2081 507 2142 obloquendi,
522 2086 547 2129 et
564 2083 589 2130 ln
604 2082 694 2143 vulgus
715 2081 845 2143 spargendi
857 2118 864 2141 ,
875 2094 927 2130 non
940 2083 1038 2129 animas
1052 2084 1130 2141 quaeri
1147 2085 1161 2130 al

97 2150 182 2210 nobie,
196 2149 241 2198 sed
256 2150 471 2211 divitias5b1sque
485 2151 631 2198 rumoribus
643 2150 812 2200 retardaretur
823 2149 952 2210 Evangelii
964 2152 1098 2212 promotio.

124 2218 236 2267 Ditiones
257 2222 329 2269 erant
349 2217 473 2266 Corinthii
490 2219 567 2278 qudm
588 2217 726 2279 largiores:
740 2218 813 2276 lunc,
835 2230 867 2265 ne
884 2217 956 2266 iteret
975 2220 1011 2267 eis
1025 2230 1159 2278 onerosus,

95 2285 195 2348 hocque
213 2286 288 2336 modo
307 2290 410 2335 noceret
428 2285 576 2346 Evangelio,
592 2285 618 2333 id
633 2291 686 2341 est,
699 2298 731 2333 no
747 2292 876 2349 propterea
892 2287 1061 2336 retardaretur
1073 2301 1158 2337 eorum

95 2357 237 2407 catechesis
253 2360 278 2406 et
289 2358 429 2416 institutio,
443 2355 524 2404 noluit
535 2355 611 2404 abeis
622 2355 758 2416 urilduuam
769 2359 891 2418 accipere.
1125 2394 1131 2403 .

120 2426 182 2475 Heec
202 2437 249 2474 nos
262 2426 413 2484 audiamus,
427 2425 442 2473 ὀ
455 2425 556 2473 dilectit
570 2437 601 2472 ne
624 2424 792 2485 despiciamus
807 2436 849 2473 eos
865 2427 909 2486 qul
921 2425 1084 2475 offenduntur
1094 2447 1102 2487 ;
1112 2442 1159 2476 nce

91 2495 208 2556 aliquam
225 2493 362 2543 aderamus
383 2495 548 2543 otlenslouem
568 2494 703 2566 Evangelio
723 2495 831 2554 Christi,
848 2507 880 2542 ne
895 2499 1007 2543 nostram
1022 2496 1158 2557 prodamus

89 2565 203 2614 sulutem
214 2600 221 2624 ,
234 2565 271 2612 alt
282 2563 310 2612 b.
323 2562 524 2625 chrysostomus.

117 2635 154 2684 Et
165 2633 261 2682 Paulum
274 2634 377 2694 quidem
389 2636 484 2693 esurit,
501 2647 533 2682 ne
547 2634 714 2683 offensionem
731 2634 801 2683 daret
817 2634 952 2695 Evangelio
967 2653 973 2681 :
986 2646 1032 2682 nos
1051 2639 1136 2683 autem
1150 2673 1155 2691 .

84 2714 119 2753 ne
130 2701 264 2763 superfluo
279 2701 381 2761 quidem
393 2705 479 2749 nostra
489 2702 613 2750 audemus
624 2704 762 2763 attingere,
773 2702 885 2751 ridentes
894 2702 1090 2750 innumerabiles
1099 2707 1156 2751 ani-

80 2781 144 2822 mas
161 2769 552 2819 evertendas.l'ideh'1cdlvum
568 2771 788 2832 Chrysostomum,
802 2772 925 2832 egregiam
943 2769 1111 2819 moralitatem
1128 2774 1155 2820 in

80 2837 306 2890 immisericordes
321 2842 460 2900 urgentem.

115 2931 160 2977 13.
185 2926 289 2975 Nescitis
313 2927 433 2987 quooicm
456 2927 500 2987 qui
521 2927 549 2975 io
569 2928 712 2977 sacrario...
729 2928 819 2977 Probat
843 2925 954 2988 exemplo
979 2929 1154 2979 ministrorum

78 2994 187 3057 Templi
208 2994 428 3057 ierosolymitani3
447 2997 570 3044 nimirum
589 2996 732 3055 Pontillcis,
753 2997 931 3054 Sacerdotum,
948 2999 973 3044 et
995 2995 1153 3060 Levitarunr,

78 3068 129 3129 qul
146 3067 175 3114 iu
192 3064 288 3126 templo
302 3065 391 3114 oblatis
405 3065 588 3125 deservientes,
603 3067 721 3115 virebant
733 3079 762 3114 ex
778 3067 888 3114 victimis
901 3068 928 3115 in
942 3065 1035 3128 templo
1051 3067 1152 3128 oblatis,

78 3148 152 3197 uuas
168 3146 231 3182 cum
247 3133 337 3194 altari,
358 3135 562 3197 participabant,
577 3135 603 3183 id
617 3138 671 3195 est,
685 3134 874 3197 partiebantur;
885 3138 943 3196 utria
958 3139 1022 3199 ignis
1034 3137 1154 3190 absume·

78 3203 127 3255 bat
150 3207 268 3265 partem,
286 3215 343 3264 quae
363 3205 406 3253 liei
425 3209 496 3265 erat;
514 3205 621 3253 llinistri
634 3204 720 3253 altaris
735 3204 842 3254 edebant
858 3210 957 3269 partes,
975 3218 1038 3269 quas
1053 3206 1153 3259 illislex

78 3271 253 3325 concedebat.
267 3272 345 3322 Levit.
360 3277 384 3322 1.
398 3277 423 3322 6.
439 3273 539 3322 beuter.
554 3275 592 3321 18.
608 3275 630 3321 1.

112 3358 224 3410 Nescitis
235 3357 302 3419 quod
316 3360 530 3420 putrescendo.
543 3358 628 3420 idest,
639 3360 747 3423 templo,
757 3366 902 3422 operantur,
915 3375 986 3413 sacra
999 3363 1096 3414 scilicet
1104 3368 1151 3414 mi·

78 3429 195 3481 nisteria
207 3427 337 3487 obeuntes,
346 3441 400 3489 quae
414 3430 443 3476 de
455 3428 569 3476 sacrario
580 3435 646 3487 sunt,
654 3430 679 3478 id
690 3435 736 3490 est,
749 3430 779 3478 de
787 3430 875 3491 templi
883 3430 1050 3481 oblationibus
1062 3433 1149 3482 edunt.

110 3505 150 3553 Et
167 3501 214 3564 qui
234 3501 313 3550 odori
330 3504 467 3561 assistunt,
488 3504 540 3551 sire
558 3503 605 3564 ipsi
628 3502 814 3564 sacrificantes,
837 3506 891 3555 sire
905 3504 1007 3555 illorum
1023 3509 1149 3567 ministri,

78 3586 145 3625 suas
166 3584 198 3620 cs
214 3570 304 3619 oblatis
316 3573 426 3620 victimis
442 3576 524 3633 partos
540 3574 678 3635 accipiunt.

114 3661 156 3709 11.
173 3660 214 3707 ita
231 3664 253 3706 et
266 3659 388 3707 Dominus
407 3660 540 3708 ordinavit.

112 3728 190 3791 Quod
207 3728 273 3776 Deus
293 3729 319 3775 in
341 3728 393 3789 lege
409 3731 486 3776 veteri
500 3730 603 3789 statuit,
615 3728 663 3779 hoc
681 3731 830 3781 ctGhristus
841 3732 966 3782 ordinavit
978 3735 1004 3781 in
1016 3735 1149 3794 nova31'us

78 3798 154 3848 dedit
169 3796 295 3858 Apostolis
308 3798 361 3845 suis
377 3800 401 3845 ct
415 3796 494 3845 divini
510 3797 578 3846 verbi
596 3800 735 3861 ministris,
752 3805 781 3848 ut
797 3801 961 3862 Euangelium
973 3801 1148 3862 predicando,

78 3868 175 3917 vivant
193 3864 225 3914 de
244 3862 388 3926 uvongouo.
402 3862 488 3917 iintth.
510 3868 547 3917 tt.
562 3869 597 3918 tu.
618 3867 679 3917 Luc.
700 3871 738 3918 to.
749 3871 774 3917 7.
785 3871 847 3917 tunc
866 3869 994 3918 autemid
1014 3868 1148 3920 traditione

78 3939 178 3987 notum
192 3936 255 3982 erut.
292 3954 295 3959 ·

232 4014 252 4056 Ι.
962 4011 992 4063 tt
