2520 4440
171 242 225 295 me
364 242 496 294 PBllAE
514 240 721 295 EPISTOLAE
739 240 790 293 ab
806 237 1051 293 CORINTHIOS

172 337 231 395 quia
242 332 328 382 locum
339 335 454 384 medium
464 333 626 395 nonhabeo,
638 336 773 384 sientma·
795 334 873 388 niam
892 349 952 389 nou
970 349 1036 389 sum
1054 347 1214 399 minumum

171 401 774 466 nustnossfflmtletfflwmwltmiwiffldt
795 425 859 463 rum
878 410 915 463 de
932 409 1213 478 oumoreruumideo

171 482 275 533 torpore
291 484 343 520 uou
363 473 419 520 est?
431 471 539 520 minime
552 490 560 520 ε
571 473 632 534 quia
645 483 697 521 non
709 473 773 521 situs
795 501 854 542 „on
868 492 912 542 ω
922 486 961 542 (10
975 486 1116 556 coms

171 540 315 588 membrum
336 539 412 600 tacit,
433 540 478 590 sed
500 542 561 590 uuio
578 554 639 590 enm
659 553 772 604 corpore.

170 605 218 657 Per
232 607 337 670 pedem,
352 608 465 672 inteilige
481 609 583 659 intimas
593 608 713 659 Ecclesia
724 609 773 659 Go-

169 676 303 727 rintbiacae
317 681 414 739 naum,
433 690 478 728 seu
496 676 582 727 iideies
599 677 696 726 infimis
710 675 772 727 ioris

169 750 196 795 et
207 745 297 795 umetis
315 747 462 808 deputatos,
480 759 544 808 quos
560 745 608 794 sub
626 745 675 795 bae
692 745 773 807 bgun

167 818 267 877 arguit,
288 814 356 876 quoti
380 814 628 874 obmurmurabant3
645 813 724 863 simui
747 819 773 864 et

169 881 279 943 sotatur,
302 894 416 947 asserens
434 882 504 944 quod
519 881 650 944 equaliter
666 894 697 930 ao
710 881 771 945 aiii,

170 951 493 1013 sintrieeorporecbristt.
830 985 832 989 ψ

199 1018 266 1068 iitsi
283 1017 397 1067 auricula
412 1022 507 1067 sortem
525 1031 599 1068 suam
617 1016 770 1081 deplorans,
826 1007 1062 1063 lfflsffiifflii
1073 1007 1210 1070 aumsouo

168 1086 237 1136 dicat
255 1105 264 1135 s
282 1086 337 1136 iton
352 1099 410 1135 sum
431 1087 539 1147 oeuius,
561 1087 617 1137 ideo
635 1088 651 1136 a
667 1100 771 1149 corpore
792 1087 868 1139 niam
888 1099 949 1138 nou
966 1100 1032 1138 sum
1051 1086 1209 1149 omissum

169 1166 227 1202 sum
240 1156 357 1202 extranea
366 1172 375 1213 ;
388 1167 422 1202 au
436 1153 492 1202 ideo
510 1165 562 1203 uon
581 1158 620 1202 est
639 1165 697 1214 pars
712 1167 771 1203 eor·
792 1179 856 1217 gum
875 1163 912 1216 αθ
930 1177 1054 1230 corpore
1066 1181 1074 1217 ς
1087 1177 1151 1216 num
1164 1161 1209 1214 ibeo

169 1223 258 1284 poris?
270 1222 396 1282 minime,
409 1227 512 1286 propter
527 1225 670 1306 rationem,
686 1237 714 1272 u.
729 1227 769 1275 15.
792 1254 850 1294 110„
861 1244 905 1294 ω
916 1238 954 1292 (10
965 1238 1107 1307 corpore!

168 1292 275 1342 dietam.
288 1292 337 1342 Per
357 1305 463 1353 aurem,
484 1293 597 1354 intellige
618 1293 769 1357 discipulos,

168 1362 235 1412 douo
246 1363 375 1424 sapientia
385 1365 411 1411 et
420 1364 532 1411 scientie
542 1365 771 1426 priuatus,sa1›ieu-

169 1431 256 1491 tibus,
283 1431 364 1480 tioetis
385 1434 410 1480 et
429 1429 578 1481 Ductoribus
598 1430 768 1485 invidentese

168 1499 216 1547 bos
234 1510 293 1560 ergo
313 1500 398 1560 arguit
415 1502 441 1548 et
457 1498 571 1561 solatur,
593 1502 661 1550 sieut
679 1501 768 1564 1>er,

168 1571 321 1688 ¹¹'8¹i5t'otum
335 1650 427 1702 eorpus
440 1638 475 1688 ad
488 1639 592 1689 oculum
605 1642 670 1689 esset
679 1639 769 1688 remu-
825 1642 872 1693 1¹1.
885 1639 916 1692 si
934 1644 1028 1692 totum
1046 1653 1148 1707 ooruus
1162 1651 1213 1692 otu·

197 1811 287 1863 titbos
301 1813 433 1877 Apostolus
445 1816 535 1875 arguat
551 1817 576 1862 et
594 1813 673 1863 simui
687 1816 814 1874 metruat,
825 1818 902 1876 atque
919 1813 1035 1875 soletur,
1056 1827 1103 1878 per
1119 1825 1214 1878 mosum

167 1882 256 1943 param
276 1882 375 1932 inducit
385 1882 516 1932 interiores
528 1885 553 1930 et
563 1881 649 1930 minus
659 1885 800 1945 precipuus
812 1884 926 1944 eorporis
934 1887 1035 1946 partes,
1047 1885 1095 1933 suti
1105 1888 1166 1933 sorte
1175 1894 1214 1932 nou

167 1954 313 2012 contentas,
321 1950 366 2000 sed
378 1955 583 2011 murmurantes,
592 1955 619 1999 et
628 1962 682 2000 sese
693 1955 889 2013 conquerentes,
898 1950 968 2012 quod
977 1950 1037 2000 alia
1050 1954 1113 2016 ipsis
1122 1953 1207 2002 sturm

164 2021 232 2078 iores
242 2023 268 2068 et
280 2022 465 2083 prestantiores
476 2038 484 2069 ε

197 2094 228 2143 st
235 2107 297 2158 per,
310 2107 369 2158 pars
382 2097 494 2156 eorporis
506 2092 626 2155 interior;
638 2094 663 2143 ri
674 2108 732 2158 per,
742 2095 848 2156 inquam
857 2130 865 2154 ,
873 2095 953 2143 totius
967 2097 1084 2158 eorporis
1093 2106 1165 2146 onere
1172 2105 1215 2157 tu·

166 2166 256 2224 ratus,
266 2163 357 2212 ‹tireit
365 2183 375 2212 .-
383 2164 443 2224 quia
452 2161 539 2212 lorum
551 2162 665 2212 medium
677 2174 730 2213 uou
740 2163 836 2225 babeo,
849 2165 917 2213 siout
925 2175 1021 2214 manus
1028 2185 1039 2227 ς
1049 2164 1107 2215 ideo
1115 2176 1163 2215 uon
1172 2174 1216 2213 suu

165 2231 197 2282 de
208 2245 325 2295 eorpore5

196 2301 235 2351 itu
245 2305 375 2364 propterea
387 2302 417 2353 de
425 2315 529 2366 corpore
538 2316 589 2353 nou
603 2304 660 2352 est?
671 2302 1069 2366 minime,quranuusirus,nee
1077 2301 1216 2354 undoub-

147 2403 152 2412 ,
165 2372 238 2421 eiuut
243 2371 386 2420 membrum
391 2374 512 2435 eorporis,
518 2371 561 2422 sed
567 2374 693 2422 uuioeum
700 2371 1038 2436 corpore,etintorrnatioab
1045 2373 1216 2426 adommim.

195 2440 248 2489 Sub
260 2439 309 2489 bae
324 2439 405 2501 tigura
417 2440 511 2490 Paulus
530 2440 631 2491 intimas
646 2441 765 2492 iieeiesiae
787 2441 955 2492 Corinthiaco
971 2447 1075 2507 panas,
1093 2443 1121 2494 td
1139 2441 1216 2503 est,ti

163 2508 232 2560 rietes
242 2508 404 2559 interioribus
414 2509 476 2560 loeis
489 2514 515 2560 et
525 2513 673 2561 ministeriis
684 2511 820 2562 desssnatos
828 2511 976 2574 alloquitur.

195 2579 283 2642 Arguit
293 2591 352 2640 eos,
365 2579 433 2641 quod
444 2580 672 2631 animadvertentes
683 2581 748 2633 aiios
758 2583 929 2646 superioribus
944 2583 1009 2634 loeis
1020 2587 1048 2633 et
1058 2584 1147 2635 officiis
1155 2583 1217 2645 depu-

165 2651 230 2699 tatos
240 2686 247 2711 ,
259 2648 485 2699 obmurmurabant
496 2669 504 2710 ;
518 2653 544 2699 et
553 2662 659 2699 suorum
670 2651 869 2700 ministeriorum
882 2653 1000 2714 pertusi,
1013 2653 1217 2715 conquerebantur

163 2717 231 2780 quio
242 2723 325 2784 esseut
337 2720 409 2779 quasi
422 2719 438 2766 a
450 2717 544 2767 Christi
555 2730 659 2781 corpore
673 2719 795 2769 extranei,

190 2787 243 2837 iios
260 2792 347 2836 autem
359 2789 396 2836 sio
417 2788 518 2848 arguit,
532 2790 561 2835 ut
575 2786 664 2836 doceat
682 2791 708 2836 et
724 2787 835 2849 soletur,
846 2788 978 2839 affirmans
991 2788 1063 2852 quod
1077 2804 1130 2842 uon
1146 2789 1216 2846 niuis

163 2859 214 2905 siut
224 2856 256 2905 tie
268 2855 361 2905 Christi
376 2868 490 2919 corpore,
498 2856 575 2917 quam
583 2856 628 2918 qui
640 2857 812 2920 superioribus
821 2857 884 2908 loeis
894 2861 921 2907 et
930 2857 1022 2908 otiieiis
1033 2864 1095 2910 sunt
1103 2860 1215 2925 noenu,

163 2928 222 2988 quia
238 2926 308 2976 loeus
319 2930 345 2975 et
354 2938 450 2975 munus
465 2937 517 2976 nou
532 2925 731 2976 iaoiuutchristi
744 2927 905 2989 membrum,
916 2927 961 2978 sed
973 2929 1038 2979 unio
1054 2944 1116 2981 eum
1124 2930 1215 2981 ebrum

195 3011 233 3058 re.
246 3009 279 3058 iit
295 3009 319 3058 rt
335 3009 425 3058 dixerit
440 3009 514 3058 auris
515 3042 563 3059 .....
578 3007 652 3058 iiuno
665 3019 768 3058 uersum
780 3008 869 3059 eodem
880 3009 957 3060 modo
967 3023 999 3061 ao
1015 3015 1171 3076 superiorem
1183 3024 1215 3062 sx-

131 3120 133 3123 .
162 3075 243 3140 pbea,
259 3090 304 3142 per
321 3090 410 3127 aurem
426 3077 537 3139 intelligo
555 3076 703 3139 audientes,
722 3077 875 3140 discipulos,
894 3079 1067 3143 intelligentia
1085 3085 1112 3132 et
1126 3079 1215 3133 seieutti

163 3147 289 3208 priuatos,
303 3146 528 3197 obmurmurantes
538 3144 605 3209 quod
620 3145 702 3207 (loeti,
714 3148 839 3210 sapientes
855 3146 1023 3212 doctoresque
1039 3163 1094 3202 non
1110 3154 1168 3202 sint

192 3213 278 3276 ituque
293 3227 380 3264 omues
396 3215 439 3265 hie
456 3214 555 3265 invidos
578 3217 605 3264 ot
616 3213 839 3266 obmurmurantes
850 3213 990 3278 uiioquitm
1003 3218 1055 3270 sub
1074 3218 1125 3270 hae
1136 3219 1213 3284 figura,

161 3285 233 3346 quasi
247 3284 359 3334 biberet:

192 3353 393 3406 obmurmuratis
408 3367 469 3417 ros,
483 3356 527 3419 qui
540 3353 626 3415 uuila,
638 3357 684 3405 aut
696 3356 741 3417 qui
756 3356 856 3406 minora
874 3355 978 3407 tantum
996 3357 1068 3410 riona
1079 3360 1213 3424 rureptstltr

161 3423 272 3489 aliosque
285 3427 465 3489 suspicientes,
476 3431 502 3476 et
512 3427 574 3489 ipsis
586 3425 745 3487 invidentes,
758 3425 899 3487 deiieimtui
908 3461 917 3486 ,
927 3430 954 3477 et
963 3440 1010 3479 ros
1021 3432 1097 3492 quasi
1109 3429 1125 3480 a
1137 3427 1212 3482 (brut

161 3506 264 3558 corpore
276 3494 372 3544 uiieuos
385 3496 516 3559 reputatis.

191 3562 239 3613 Sed
257 3562 324 3613 bonu
344 3565 421 3611 estote
436 3565 522 3612 animo
533 3599 541 3624 ,
553 3563 648 3614 etenim
669 3574 717 3614 ueo
738 3562 819 3625 situs,
832 3575 880 3615 neo
898 3574 1014 3627 munus,
1028 3565 1075 3617 soti
1090 3569 1151 3619 uuio
1165 3577 1211 3619 suu

160 3630 272 3693 cbristo,
286 3631 345 3681 troii
360 3630 502 3680 membrum
514 3630 618 3681 christi.

190 3699 275 3762 itaque
288 3699 355 3750 buno
367 3701 489 3748 unitatem
504 3703 647 3760 servantes,
661 3696 727 3760 ilde,
738 3710 797 3763 spe,
810 3697 950 3763 charitate,
965 3713 1020 3753 nou
1035 3707 1123 3756 curate
1132 3702 1209 3755 dotto

159 3769 185 3818 et
202 3767 234 3818 ‹ie
245 3767 343 3830 officio,
359 3766 405 3817 sod
417 3767 499 3818 vestra
512 3770 578 3819 sorte
595 3765 831 3832 routeut13beiqua
849 3765 978 3822 voluntati
997 3771 1132 3837 submissi,
1143 3775 1209 3825 rotat

131 3857 142 3868 ·
160 3835 295 3901 fungimini
308 3847 422 3887 munere.

191 3918 231 3971 17.
244 3919 278 3970 st
288 3923 367 3972 totum
378 3931 469 3984 torpor
480 3917 597 3972 oculu...
