2520 4440
339 265 749 321 rairasxaxroslrio.
769 267 851 322 CAP.
870 269 919 322 vl.
1125 270 1158 320 i'l

96 362 465 429 rosmortuosquidemesse
473 375 538 429 pec·
560 359 1014 424 perhaptismum,peccat0.murtuos
1023 363 1066 423 ;in
1078 362 1103 411 iri
1114 373 1160 410 uu-

96 444 158 491 0310
167 478 177 502 ‚
187 437 314 492 viventes
322 444 414 492 aurem
425 442 496 502 neo,
509 438 538 491 jn
561 434 613 478 tem
624 431 651 479 in
659 432 712 479 sita
720 434 844 491 servatos,
852 435 880 480 at
891 430 1014 493 quidquid
1022 433 1080 481 vita
1089 432 1160 480 vohis

95 515 204 571 Christo
216 519 284 571 Jesu
294 517 410 570 Domino
429 521 537 570 mmo,
561 503 655 560 restat,
682 500 708 549 ld
727 504 812 550 totum
830 501 880 550 lieo
900 501 1072 563 impendatis,
1094 503 1161 550 sicut

561 568 675 618 Christus
686 568 808 619 Dominus
819 570 882 619 vivit
892 572 960 618 totus
971 569 1030 618 Deo.

129 641 175 690 12.
188 639 251 692 Non
261 652 327 705 ergo
336 645 431 705 regnet
440 652 539 705 pecca·
591 637 627 685 Ne
640 638 791 698 permittatis
804 639 888 698 itaque
906 643 1038 700 peccatum
1053 641 1081 687 ln
1096 639 1161 701 hap-

95 723 155 770 tum
167 718 196 768 pn
207 723 302 768 vespm
315 717 423 769 mortali
435 729 538 781 00pp0.
561 707 636 753 tismo
644 705 813 766 profligatum,
822 718 894 754 suurn
904 719 991 755 rursus
999 707 1162 768 tyrannidem

96 809 140 856 re,
151 799 184 846 ut
194 794 333 847 obediatis
341 794 539 860 concupiscen,
562 774 588 820 in
600 773 670 854 vohis
681 781 812 833 exercere;
825 773 868 822 sed
880 774 1040 824 mortalitatis
1055 781 1161 856 vestra,

561 854 725 903 omniumque
738 855 824 891 rerum
838 844 1027 894 mundanarum
1041 847 1163 896 vanitatis

560 923 700 971 memores,
720 913 849 973 reprimite
874 916 1106 979 concupiscentias,
1129 914 1162 963 ad

560 983 693 1041 peccatum
708 980 870 1033 inclinantes.

128 1048 175 1098 ts.
198 1045 366 1111 Selueque
387 1044 538 1099 exhibeatis
590 1047 674 1109 Neque
683 1053 858 1112 committatis,
867 1055 895 1101 ut
904 1052 1017 1103 membra
1026 1057 1161 1116 vestraper

95 1122 222 1174 membra
235 1126 327 1174 vestra
340 1135 416 1174 arma
432 1120 538 1187 iniqui·
560 1116 714 1177 baltlsmum
733 1117 783 1166 ⁰³⁰
799 1124 958 1180 ⁰⁰nseorata,
969 1123 1074 1183 posthoc
1091 1123 1161 1172 mili-

96 1197 538 1265 pappspoecapfflsedexhjbetevos
561 1186 615 1231 tent
627 1182 688 1233 huic
707 1189 817 1247 tyranno
831 1188 991 1248 imquitatem
1011 1193 1161 1254 imperanti;

94 1275 488 1342 1390,t3nquamexm0nuis
503 1275 539 1325 vi·
561 1254 622 1312 quin
638 1252 722 1334 potius
739 1265 784 1303 sos
802 1255 944 1336 totoslleo,
954 1258 1030 1319 Regi,
1044 1260 1119 1341 duci,
1136 1268 1162 1309 et

95 1361 205 1418 ventes,
237 1360 264 1406 et
294 1354 419 1406 membra
448 1357 538 1405 vestra
561 1319 714 1369 benefactum
725 1326 822 1383 vestro,
840 1336 913 1384 quus
926 1325 1048 1376 beneflcio
1060 1333 1118 1376 estis
1132 1341 1162 1376 er

97 1431 301 1498 armatustioae
316 1434 383 1484 oeo·
561 1389 1162 1526 liiilllilliltlli‘elllltlatilait

562 1530 585 1577 ei
604 1528 731 1590 militetis,
747 1530 780 1580 ad
791 1532 946 1593 exsequenda
955 1502 1061 1594 justitia'
1072 1547 1160 1597 opera,

561 1612 616 1663 quae
630 1600 709 1661 jubet.

94 1701 1159 1727 *mu—...-

97 1772 132 1818 eis
145 1770 295 1821 contentam
310 1769 450 1827 rationem,
465 1767 496 1817 oh
509 1780 585 1831 quam
599 1768 757 1820 Christianus
772 1771 787 1820 t
802 1777 882 1821 morte
898 1776 993 1835 peccati
1006 1777 1160 1835 suscitatus,

97 1852 148 1888 non
160 1838 251 1886 debeat
263 1837 371 1898 amplius
381 1848 499 1898 peccare,
510 1837 553 1886 sed
562 1837 612 1886 Deo
623 1840 725 1900 vivere;
737 1842 803 1890 sicut
812 1840 927 1890 Christus
938 1842 952 1889 a
963 1845 1070 1892 mortuis
1081 1846 1161 1894 susci-

97 1913 178 1968 tatus,
193 1904 305 1968 amplius
319 1918 369 1955 non
384 1907 505 1966 moritur,
518 1906 561 1955 sed
573 1908 637 1956 vivit
653 1912 721 1958 totus
734 1908 794 1959 Deo.

125 1978 162 2027 lta
175 1982 201 2025 et
218 1987 265 2024 vos
276 1977 382 2036 cogitate
395 1975 507 2025 devehis
522 1977 582 2037 lpsls
596 1994 602 2024 r
617 1980 732 2039 reputate
744 1991 789 2027 vos
801 1982 913 2029 mortuos
932 1988 984 2028 esse
996 1984 1099 2042 peccato
1117 1993 1161 2041 per
1212 2008 1216 2015 ·

98 2044 312 2109 hapttsmnm;de
333 2046 422 2093 catere
444 2047 530 2094 autem
549 2047 663 2094 viventes
681 2058 747 2107 esse,
763 2060 794 2096 sc
814 2050 898 2098 vivere
913 2047 1002 2097 dehere
1021 2049 1086 2109 Deo;
1099 2062 1160 2106 seu,

99 2114 223 2178 quidquid
238 2114 310 2163 vohis
320 2116 379 2163 vltae
390 2116 480 2175 restat,
493 2114 519 2163 id
531 2115 580 2164 lieo
590 2116 789 2178 impendendum
802 2137 809 2166 ι
824 2119 852 2166 in
866 2118 963 2167 Clusio
976 2120 1035 2167 Jeso
1050 2121 1081 2167 D.
1093 2120 1123 2166 N.
1136 2119 1161 2167 id

100 2190 134 2235 est
145 2223 152 2244 ‚
162 2197 208 2247 per
222 2185 315 2232 merita
327 2181 395 2231 itit.
407 2182 465 2232 lesu
479 2182 633 2248 Christi,qui
647 2184 749 2235 tonsest
762 2188 845 2235 omnis
860 2189 945 2250 gratia
960 2205 966 2236 ε
979 2187 1019 2236 vel
1029 2187 1161 2237 adsimili-

99 2253 214 2304 tudinem
223 2251 255 2301 D.
267 2251 297 2300 N.
309 2251 367 2300 lesu
379 2250 485 2311 Christi,
499 2254 542 2312 qui
555 2255 619 2302 vivit
631 2257 700 2304 totus
710 2256 770 2306 hec.

127 2323 245 2373 Christus
257 2325 296 2379 est
305 2320 429 2382 exemplar
442 2319 579 2370 Christiani
588 2340 595 2371 r
605 2319 671 2372 sicut
681 2335 739 2386 ergo
751 2324 865 2375 Christus
876 2327 1007 2376 amortuis
1015 2328 1160 2385 suscitatus,

100 2406 149 2443 non
161 2389 274 2454 amplius
287 2392 395 2439 moritur
405 2410 412 2450 ς
424 2388 467 2439 sed
479 2394 547 2440 totus
560 2392 611 2443 lieo
621 2395 700 2454 vlrit3
711 2396 780 2443 totus
789 2395 816 2443 in
826 2393 949 2444 honorem
963 2394 1006 2444 Del
1016 2415 1022 2455 ;
1031 2394 1096 2444 nihil
1111 2397 1160 2444 nisi

99 2475 137 2512 res
148 2461 193 2510 hol
206 2472 297 2522 gerens
311 2462 336 2507 et
355 2472 447 2508 curans
458 2480 464 2510 ι
476 2462 511 2509 ita
524 2459 696 2522 Christianus,
713 2462 823 2511 h-morte
837 2465 932 2525 peccati
948 2465 1097 2522 suscitatus,
1109 2476 1161 2511 non

100 2535 170 2585 dehet
180 2528 293 2592 amplius
301 2541 420 2591 peccare;
432 2529 476 2578 sed
485 2532 553 2578 totus
561 2531 588 2578 ln
599 2529 649 2578 Deo
663 2531 802 2581 secundum
813 2532 893 2581 Deum
906 2535 931 2581 et
942 2545 987 2594 pro
998 2533 1048 2581 Deo
1059 2532 1160 2590 vivere;

101 2608 124 2655 in
142 2603 263 2654 omnihus
279 2599 322 2648 hei
334 2599 438 2661 gloriam
455 2612 575 2660 quarere.
596 2600 698 2651 Adhuc
717 2601 797 2652 iactus
815 2606 852 2652 est
870 2603 1027 2652 Christianus
1042 2621 1048 2651 ε
1064 2602 1095 2651 ad
1112 2603 1160 2651 hoc

101 2675 238 2737 baptisatus
248 2707 255 2730 ,
267 2673 292 2718 et
303 2668 351 2717 hoc
363 2669 386 2716 el
398 2667 519 2731 perpetuo
530 2667 650 2731 praedicat
661 2670 810 2732 baptismus.

129 2758 167 2805 tt.
183 2754 242 2803 Nou
257 2764 317 2813 erpo
327 2754 410 2812 reparet
424 2756 583 2812 peccatum...
594 2755 735 2813 perseverat
747 2754 773 2800 in
789 2752 953 2814 metaphora,
968 2751 1016 2813 qua
1025 2751 1159 2812 Jamtlnxlt

102 2827 234 2886 peecatum
243 2823 272 2868 ut
280 2822 428 2882 tyrannum,
436 2821 489 2867 vim
499 2831 572 2881 suam
580 2820 608 2866 in
619 2820 735 2869 homines
742 2827 908 2881 exercentem,
917 2825 941 2870 et
952 2821 1037 2870 fideles
1045 2821 1161 2871 hortatur

103 2899 143 2955 ut,
155 2895 169 2943 t
180 2891 282 2954 peccati
293 2890 415 2939 servitute
425 2885 541 2947 liherati,
555 2889 633 2949 ipsius
646 2888 775 2950 tyrannidi
788 2901 841 2938 sese
855 2901 907 2938 nun
923 2889 1032 2939 subdunt
1042 2889 1159 2953 amplius.

131 2964 160 3011 Ut
173 2959 300 3010 obediatis
313 2957 515 3017 concupiscentits
526 2956 587 3018 ejus.
605 2957 702 3007 indicat
714 2958 775 3018 quid
787 2959 819 3006 sit
833 2960 926 3008 servire
939 2960 1162 3021 pecca103sailicet

104 3029 314 3093 concupiscentiis
324 3025 436 3087 obedire,
447 3037 491 3074 seu
503 3025 570 3074 mala
585 3025 722 3087 desideria,
735 3037 791 3088 quae
803 3032 862 3076 sunt
878 3031 948 3089 quasi
957 3031 1043 3089 iussus
1054 3032 1161 3091 peccati,

103 3098 247 3161 adimplere.
938 3104 940 3109 ⁴

128 3169 217 3229 ltaque
226 3177 259 3225 ne
272 3165 423 3228 permittatis
433 3166 566 3226 peceatum
577 3167 602 3212 et
613 3166 830 3226 concupiscentias
840 3167 910 3226 ejus,
923 3177 978 3227 quae
989 3165 1020 3214 ad
1029 3172 1161 3227 peccatum

103 3237 242 3296 lnclinant,
252 3246 357 3296 regnare
370 3235 398 3282 in
410 3234 480 3282 vohis
487 3253 495 3293 ;
506 3233 532 3281 id
545 3236 598 3293 est,
613 3233 663 3283 illis
674 3246 706 3282 ue
716 3238 879 3284 consentiatis
892 3272 899 3295 ,
913 3249 959 3284 nec
969 3236 1100 3286 obediatis.

129 3309 159 3358 la
172 3317 280 3368 corpore
290 3309 370 3352 oestro
387 3301 498 3351 mortali.
509 3301 646 3351 Prudenter
660 3315 706 3352 nos
723 3304 856 3366 Apostolus
869 3305 988 3354 admonet
1003 3304 1162 3354 mortalitatis

103 3381 209 3436 honre,
224 3375 275 3436 qua
288 3385 335 3423 nos
345 3374 436 3421 excttet
450 3371 482 3420 acl
495 3372 666 3433 reprimendas
682 3375 898 3435 concupiscentias
914 3378 1011 3423 nostras
1021 3394 1028 3434 ς
1039 3377 1110 3435 qrrnsi
1122 3375 1162 3422 di-

104 3450 167 3495 ceret
182 3465 188 3494 ι
204 3445 292 3494 Brevis
305 3444 352 3491 erit
362 3453 462 3502 pugna:
475 3442 535 3501 quic
546 3443 571 3488 ct
582 3453 686 3501 corpus,
698 3446 723 3490 et
734 3442 844 3491 mundus
858 3446 883 3490 et
894 3444 1098 3504 coucupiscentia
1108 3446 1161 3502 ejus

103 3517 191 3565 transit
201 3534 210 3576 5
220 3510 336 3562 mortalis
348 3509 402 3558 haec
412 3511 463 3558 vita
476 3512 652 3559 momentanea
666 3514 703 3559 est
715 3528 721 3558 z
732 3523 772 3559 res
784 3510 873 3559 mundi
888 3523 974 3570 vunae,
992 3513 1017 3559 et
1032 3513 1086 3570 ejus
1101 3521 1162 3572 con-

105 3585 268 3648 cupiscentiae
282 3581 356 3633 tluxae
365 3582 441 3640 sunt;
452 3580 564 3628 victoria
578 3583 663 3628 autem
674 3582 809 3642 premium
821 3585 944 3630 eternum
957 3582 1013 3628 erlt.

135 3670 172 3718 tt.
185 3665 236 3716 Sed
254 3675 333 3727 neque
349 3661 493 3710 cohibeatis.
515 3660 557 3709 Gr.
571 3673 653 3723 neque
672 3664 760 3711 sistite.
782 3663 838 3725 Syr.
855 3676 901 3712 nec
924 3665 1000 3712 etiam
1016 3665 1162 3724 paraveritis

107 3736 246 3788 membra...
260 3745 336 3782 ormo
349 3731 613 3792 iniquissimorum
627 3730 653 3781 id
673 3734 722 3791 est,
734 3745 804 3780 arma
816 3733 907 3792 quihus
919 3731 1031 3780 militetis
1042 3730 1161 3792 peceato,

109 3805 265 3866 iniquitatem
278 3800 423 3862 imperanti.
432 3798 594 3848 Sedeahibete
604 3813 647 3848 cos
658 3801 707 3850 Deo
714 3817 724 3861 ;
732 3800 757 3850 id
769 3805 819 3860 est,
828 3800 871 3850 sed
880 3800 992 3848 membra
1000 3804 1082 3847 vestra
1093 3798 1161 3847 exhi·

109 3872 160 3922 bete
170 3873 230 3932 Deo,
237 3869 331 3933 qulbus
343 3869 366 3916 el
377 3865 503 3927 mllltetis,
514 3866 547 3915 ad
559 3879 633 3929 opera
642 3870 745 3928 justitia
755 3867 1034 3931 parastaticarum
1045 3869 1158 3925 imperat.

115 3936 120 3955 ⁸
143 3942 270 4005 tuaquom
294 3950 324 3989 aa
337 3936 444 3995 mortuis
464 3936 627 3987 oioeatcssid
650 3940 701 3998 est,
719 3940 785 3987 sicut
808 3937 889 3999 iacere
902 3937 973 3986 decet
988 3946 1044 3993 eos,
1068 3934 1111 3994 qui
1132 3945 1162 3983 cr

96 872 143 925 tiis
156 871 229 945 ejus.
