2520 4440
147 279 183 330 so
436 270 648 330 vrcrrsro'nn
668 278 716 329 so
735 259 925 331 nouauos

148 453 1205 514 οοοοκοοκοοκκκοοισοοηοοοοκκκὼοοοδιᾶοοοοοοοοκκοσφοοοκοοκοοκ

320 671 578 759 nutet-sis
608 663 817 760 CAPITIS
847 660 1070 758 inuitis

149 1004 252 1099 paruo
260 1045 289 1093 et
297 1040 420 1093 secuudo
432 1053 504 1093 vers.
514 1040 647 1107 proponit
656 1045 684 1094 et
694 1040 778 1094 solvit
788 1039 974 1108 objectionem
984 1043 1087 1112 contra
1100 1038 1176 1093 dicta
1188 1038 1215 1091 in

151 1123 205 1176 tine
217 1137 278 1189 cap.
292 1126 319 1176 2.
330 1124 435 1176 Deinde
445 1127 474 1176 5⁰
486 1129 514 1176 et
526 1124 707 1190 sequentibus
715 1123 855 1187 versibus,
869 1136 960 1188 usque
972 1110 1015 1177 ad‘
1022 1136 1101 1176 vers·
1112 1127 1141 1178 9.
1153 1122 1217 1176 duas

149 1206 216 1258 alias
229 1203 399 1272 objectiones
411 1221 445 1260 ex
456 1207 546 1273 primu
558 1207 759 1260 subnascentes
768 1207 871 1273 paritor
886 1205 1019 1272 proponit
1031 1205 1162 1260 etsolrit.

183 1289 384 1359 ludaeosergo‚
395 1304 467 1356 quos
479 1290 508 1342 in
520 1304 581 1356 cap.
595 1293 622 1342 2.
636 1290 827 1356 depresserat,
840 1287 886 1341 hic
903 1285 1026 1354 primbm
1044 1287 1166 1353 extollit,
1179 1287 1217 1340 di·

149 1386 216 1425 cens
228 1387 277 1425 cos
287 1373 440 1426 Gentilibus
448 1375 623 1438 praecellere,
634 1373 664 1424 in
673 1386 707 1425 eo
719 1372 796 1439 quod
807 1370 910 1426 Judaeis
919 1365 1085 1425 concredita
1094 1376 1161 1425 sunt
1169 1371 1218 1424 elo·

150 1456 215 1521 quia
226 1461 254 1507 et
264 1456 401 1521 promissa
408 1456 474 1519 liei,
485 1469 548 1522 quae
556 1459 628 1508 Deus
636 1455 753 1508 fideliter
762 1453 924 1520 adimplebit
932 1493 940 1519 ,
949 1455 1146 1510 nonobstante
1152 1467 1218 1522 quo·

149 1536 279 1591 rumdam
290 1538 451 1591 ludaeorum
461 1538 664 1593 incredulitate.

184 1623 219 1672 nt
233 1635 304 1673 vers.
316 1623 342 1673 9.
354 1624 369 1674 J
372 1621 467 1672 udaeos
481 1636 577 1673 rursus
588 1620 729 1685 burniliat,
744 1625 772 1674 et
789 1619 943 1673 Gentilibus
954 1625 1050 1686 aequat
1063 1621 1095 1672 in
1107 1621 1216 1688 negotio

153 1703 267 1767 salutis,
285 1703 360 1755 ineo
376 1703 453 1769 quod
468 1718 566 1756 omnes
578 1709 605 1757 et
616 1705 645 1756 bi
657 1710 684 1757 et
702 1705 740 1757 illi
755 1704 806 1756 sub
819 1708 932 1769 peccato
949 1703 1085 1756 luerunt:
1105 1693 1183 1770 quod
1193 1707 1217 1754 et

150 1787 244 1839 multis
257 1788 406 1853 Scripturae
418 1787 583 1840 testimoniis
594 1788 695 1853 probat
706 1803 796 1855 usque
806 1788 841 1840 ad
850 1803 877 1840 n.
890 1791 935 1840 49.
946 1787 996 1838 ubi
1006 1787 1155 1841 concludit
1163 1800 1217 1839 om-

150 1884 200 1922 nes
213 1884 307 1923 coram
321 1875 377 1923 Deo
387 1885 451 1923 reos
466 1884 540 1936 esse,
557 1876 585 1924 et
596 1872 644 1923 irae
654 1872 760 1925 Divinae
772 1871 925 1934 obnoxios;
936 1883 990 1925 neo
1003 1871 1144 1937 operibus
1155 1869 1216 1936 legis

147 1953 312 2016 justificatos
329 1953 425 2006 fuisse.
455 2007 457 2010 .

184 2038 262 2089 vers.
271 2039 316 2098 21.
328 2038 412 2088 Suam
424 2035 458 2088 de
471 2036 589 2103 gratuita
600 2050 651 2102 per
663 2035 747 2090 fidem
754 2036 951 2103 justificatione
961 2035 1126 2089 doctrinam
1135 2034 1216 2102 aperit

150 2125 178 2173 et
192 2121 320 2186 explicat,
334 2133 424 2186 usque
435 2120 553 2172 advers.
562 2122 607 2172 27.
621 2119 677 2185 qua
688 2120 805 2173 stabilita
817 2123 845 2172 at
856 2117 1007 2185 explicata,
1021 2117 1156 2172 ludaeum
1167 2116 1215 2170 Ro-

150 2217 278 2267 manum,
296 2204 332 2255 de
345 2203 402 2254 suis
414 2203 545 2268 operibus
556 2202 690 2269 legalibus
701 2203 927 2270 gloriabundum,
938 2199 1098 2258 confundit
1105 2200 1213 2255 dicens:

150 2283 202 2338 ubi
211 2289 252 2337 eet
265 2286 333 2352 ergo
346 2282 485 2351 gloriatio
495 2287 571 2338 tuo?
890 2318 893 2322 -

184 2367 310 2434 Denique
330 2368 451 2420 ostendit
462 2368 534 2420 bano
556 2369 713 2435 gratuitam,
728 2381 778 2435 per
797 2367 895 2432 iidem,
909 2365 1147 2433 justificationem
1165 2367 1212 2417 beo

152 2449 264 2515 dignam
274 2464 349 2516 esse,
362 2449 482 2516 quicum
495 2451 531 2503 sit
540 2453 665 2505 omnium
674 2455 761 2516 Deus,
772 2451 887 2518 dignum
896 2454 938 2502 est
947 2453 978 2502 ut
987 2449 1018 2501 in
1032 2457 1212 2502 omnessuam
1254 2456 1256 2463 ’

152 2530 274 2585 effundat
294 2533 527 2597 misericordiam
541 2539 569 2586 et
590 2533 661 2586 sicut
678 2534 803 2587 omnium
820 2547 893 2586 unus
905 2538 947 2585 est
960 2536 1040 2586 Deus
1052 2537 1083 2586 et
1097 2536 1211 2591 creator;

153 2614 191 2666 ita
203 2617 333 2668 omnibus
344 2631 432 2669 unum
444 2617 479 2668 sit
492 2618 587 2670 salutis
599 2617 735 2683 modium,
751 2629 880 2682 unusque
895 2614 1033 2670 mediator
1046 2631 1054 2670 ι
1072 2621 1102 2670 et
1116 2615 1169 2669 hoc
1178 2613 1211 2666 le·

153 2708 216 2764 gem
228 2699 344 2767 stabilit,
358 2713 416 2752 non
425 2700 551 2767 destruit.
