2520 4440
100 247 154 301 too
395 246 602 301 EPISTOLAE
620 247 671 298 lii
687 243 870 299 Rontncs

100 354 158 405 pere
177 342 237 393 reri
256 341 412 406 spiritualia,
427 345 480 393 site
496 346 522 392 et
536 354 585 405 pax
597 342 698 391 anime.
722 354 799 394 mors
816 345 859 393 est
877 355 884 393 ε
905 337 1055 407 prudentia
1074 342 1156 391 eutem

723 418 851 485 spiritus,
864 418 919 471 vita
935 423 965 470 et
979 429 1044 483 pax.
1123 444 1125 449 .

132 501 265 562 Cornelia,
274 504 394 563 inquom,
404 513 507 565 sapore,
519 512 588 551 mors
599 502 636 548 cst
644 501 704 551 ani„
758 492 928 556 i.Quoniam
934 488 1157 558 sapientiscajruit

99 581 161 632 mu,
172 572 232 632 quia
241 568 299 620 talis
308 571 431 633 sapientia
444 575 482 620 est
493 570 628 620 inimicitia
640 581 700 619 oum
723 572 883 625 inimicaest
891 569 1029 637 Demlogi
1037 565 1158 622 enimiicl

100 638 150 689 lieo
160 646 168 700 ;'
179 639 227 701 legi
240 640 283 689 llel
295 642 434 701 repugnat,
445 642 471 687 et
484 636 540 687 ideo
553 639 601 700 ipsi
611 637 700 698 subiici
723 665 780 704 non
800 655 842 702 est
862 648 988 715 subjecta
1005 660 1080 702 211oe
1092 644 1158 697 enim

100 720 151 759 nou
165 711 246 770 potest
257 727 265 757 ι
278 710 338 769 qnia
349 706 448 757 scillcet
458 708 538 769 ipsiris
546 707 699 768 oppositum,
723 732 825 796 polest·
1011 776 1015 781 Ι

99 787 144 825 seu
157 778 331 838 repugnantia.
358 807 360 812 ι
461 797 464 801 -
1004 790 1027 809 .-

115 845 192 895 ·Hinc
204 846 248 905 qui
264 842 407 892 secundum
417 853 520 892 carnem
532 843 636 899 vivunt,
650 839 700 889 lieo
757 841 785 892 8.
794 836 845 900 Qui
854 841 948 890 autem
957 835 988 887 in
996 845 1084 887 carne
1092 835 1157 894 suut,

99 911 212 974 placere,
224 911 317 973 licique
328 913 452 974 praeeepta
466 921 566 959 serrare
576 916 628 956 ncn
641 920 700 969 pos-
723 918 779 969 000
791 915 902 981 plaeere
913 925 974 964 non
984 914 1114 977 possunt.

99 985 178 1098 mztis
192 1052 293 1110 autem,
307 1047 460 1108 Christiani,
474 1048 502 1096 ln
517 1045 645 1108 Baptismo
655 1057 700 1107 per
733 1036 736 1041 ⁴
758 1047 785 1098 9.
794 1044 853 1097 Vos
864 1036 1002 1095 autem'rn
1015 1048 1157 1093 cameron

100 1114 223 1177 Spiritum
240 1116 362 1167 Sanctum
375 1117 473 1175 renati,
490 1127 542 1162 non
560 1115 645 1165 vivitis
659 1126 699 1162 se·
723 1123 803 1186 esuis,
814 1118 902 1175 sedin
911 1117 1013 1186 spiritu
1025 1133 1032 1170 ς
1043 1116 1157 1169 sitemeii

100 1184 214 1233 cundum
225 1197 344 1245 carnem,
358 1184 402 1233 sed
414 1183 556 1233 secundum
568 1184 699 1244 spiritum,
724 1201 842 1267 spir-itus
853 1200 903 1250 Dei
912 1195 1023 1248 habitat
1037 1194 1066 1246 pn
1078 1190 1156 1244 vobis,

99 1267 174 1315 quem
187 1258 214 1304 in
225 1256 352 1318 Baptismo
364 1255 493 1315 recepistis
507 1273 513 1302 ι
527 1255 549 1302 sl
560 1256 646 1302 tamen
657 1253 699 1302 iric
724 1280 752 1332 Si
758 1278 918 1345 quisautem
927 1267 1157 1340 Spiritumchristi

99 1324 700 1455 {illitis-iiiiiiillliiiiliilii
723 1369 780 1409 ¹¹⁰⁰
795 1355 892 1418 nui,
905 1351 953 1406 ¹²¹⁰
966 1364 1027 1405 ¹¹⁰²
1043 1346 1154 1459 aaa.

99 1463 205 1510 tismum
216 1461 301 1522 dedit,
313 1459 424 1523 amplius
432 1472 485 1509 uon
494 1458 583 1520 hahet,
593 1458 636 1508 hic
646 1472 697 1510 non
741 1460 745 1469 ’

100 1530 206 1578 estsere
217 1528 385 1579 Christianus.

129 1697 154 1743 7.
166 1694 294 1752 Quoniam
302 1694 426 1756 sapientia
440 1695 532 1743 eornm.
546 1693 589 1744 Gr.
603 1691 780 1756 propterquod
799 1690 932 1754 prudentia
944 1691 1050 1755 cernis,
1062 1687 1152 1749 immin

99 1765 128 1814 in
141 1764 229 1813 ileum.
241 1764 297 1826 Syr.
307 1767 437 1827 propterea
448 1762 516 1826 quod
529 1766 646 1825 cogitatio
658 1764 741 1813 carnis
753 1764 888 1812 inimicitia
899 1765 938 1811 est
947 1759 1070 1823 adventis
1077 1759 1151 1808 ileum

129 1833 260 1884 Rationem
271 1834 381 1894 assignat
391 1832 423 1881 ob
434 1842 512 1893 quem
523 1835 661 1894 sapientia,
672 1831 816 1895 prudentia,
831 1843 987 1891 cura,amor
997 1865 1006 1890 ,
1018 1832 1043 1878 et
1053 1826 1152 1878 studium

99 1905 183 1951 carnis
194 1903 227 1950 sit
239 1914 307 1953 mors
320 1937 327 1961 ,
343 1914 388 1951 seu
408 1905 517 1951 mortem
530 1903 638 1952 aiierat:
653 1904 746 1964 quippe
767 1902 871 1953 inimico
884 1907 919 1949 est
934 1901 986 1949 Deo
993 1916 1004 1962 ,·
1012 1910 1072 1958 seu,
1085 1900 1112 1946 ut
1123 1896 1151 1944 ait

99 1970 196 2032 Syrus,
213 1970 348 2021 inimicitia
358 1974 395 2020 est
405 1973 432 2020 iu
444 1971 541 2020 Deunn
555 1970 602 2033 legi
614 1971 657 2020 ilei
668 1973 803 2033 repugnat,
815 1971 864 2032 ipsi
875 1967 977 2018 rebellis
985 1970 1033 2019 est.
1042 1967 1104 2027 illue
1113 1963 1151 2026 titi

99 2041 145 2093 Dei
157 2041 250 2104 subjici
265 2054 315 2090 non
323 2047 403 2104 potest
415 2062 423 2092 .·
435 2045 473 2095 eet
485 2043 554 2092 enim
566 2041 634 2090 illius
645 2043 825 2104 repugnantia,
839 2043 865 2088 et
877 2039 1033 2101 oppositum.

128 2133 152 2178 8.
168 2131 217 2188 Qui
227 2131 351 2181 cutem-in
364 2143 439 2179 corne
453 2135 540 2179 runt...
552 2129 595 2179 Gr.
607 2133 634 2178 at
649 2131 676 2178 ln
688 2141 765 2178 carne
778 2129 929 2187 existentes,
941 2125 994 2174 lieo
1004 2123 1147 2188 placercuon
1190 2158 1192 2177 2

98 2202 220 2258 possunt„
229 2198 322 2258 syrus,
339 2197 444 2260 proinde
458 2198 476 2246 ll
487 2201 531 2258 qui
544 2200 571 2247 in
583 2211 658 2248 corne
674 2200 748 2258 sunt,
759 2200 808 2249 etc.

129 2265 176 2313 llat
186 2268 310 2314 rationem
327 2267 422 2315 cursil
442 2267 546 2316 inimica
557 2267 616 2317 ilco.
628 2267 694 2316 Deus
712 2269 805 2329 quippe
819 2267 857 2315 ost
875 2264 986 2326 Spiritus
1004 2263 1145 2327 purissimus.

98 2333 163 2383 ilinc
178 2336 291 2396 impuros
307 2336 391 2387 carnis
406 2334 512 2384 allectus
525 2335 582 2390 odic
593 2337 686 2400 hahet,
700 2332 998 2387 sternumentum
1010 2327 1145 2396 pertrasibit

99 2403 212 2465 Spiritus
228 2417 298 2452 meos
316 2405 344 2452 a'n
364 2403 476 2463 homine,
486 2405 549 2466 quio
567 2419 626 2456 curo
638 2411 681 2454 eat.
696 2404 785 2455 Genes.
802 2407 826 2453 6.
841 2405 864 2452 3.
879 2402 970 2453 Carnis
983 2406 1009 2453 et
1024 2398 1145 2452 manaim

99 2482 171 2520 umor
185 2475 223 2521 est
240 2472 289 2521 ilco
303 2475 462 2533 contrarius,
475 2474 612 2536 inimicus,
624 2484 777 2538 repugnans.
792 2471 858 2522 ilino
877 2483 948 2531 mors
962 2473 1072 2530 anime,
1085 2475 1143 2531 sitii
1190 2494 1192 2501 ⁴

99 2542 114 2589 i
128 2541 177 2590 ilco
187 2537 201 2601 ,''
209 2543 274 2601 uitri,
287 2545 312 2592 et
323 2543 381 2591 vite
392 2541 476 2605 tonte,
487 2533 595 2606 separat.

129 2611 202 2660 Hunc
224 2610 342 2661 lotimlem
363 2616 387 2661 et
402 2612 532 2663 funestum
553 2626 666 2663 amorem
690 2616 717 2662 iu
737 2611 812 2681 corde
830 2624 887 2662 mec
907 2609 1017 2675 penitus.
1031 2610 1141 2668 nuum.

99 2680 177 2731 Deus!
190 2684 228 2731 est
236 2683 411 2750 „enimenimae
422 2695 489 2732 mors
502 2682 625 2745 praeseus,
639 2687 666 2732 et
674 2685 762 2748 mortis
778 2676 877 2731 eterna
889 2683 1057 2748 principium·
1125 2743 1129 2754 .

129 2751 175 2799 liic
185 2763 257 2801 amor
267 2752 294 2798 lu
306 2754 430 2805 eternum
441 2754 489 2800 erit
499 2752 549 2801 ileo
563 2755 715 2813 contrarius,
725 2758 750 2801 et
760 2750 814 2802 laec
826 2750 995 2805 contrarietas
1010 2745 1141 2813 ctoppctiiil

99 2834 161 2869 cum
176 2820 242 2880 ileo,
253 2821 297 2880 qui
312 2824 350 2879 est
360 2822 412 2871 vita
425 2821 494 2884 ipsa,
509 2824 557 2871 erit
566 2826 666 2873 scternae
685 2824 775 2873 mortis
784 2823 875 2884 origo..
954 2876 961 2883 ‚

131 2907 156 2959 9,
174 2903 220 2952 Vos
239 2904 367 2953 antemio
383 2917 457 2954 ooroe
472 2919 522 2955 non
534 2908 599 2956 ostio.
612 2905 638 2955 Si
654 2910 756 2966 tamen,
769 2905 813 2961 Gr.
834 2905 855 2954 si
873 2903 979 2966 quidem
989 2923 996 2965 t
1006 2891 1141 2966 syrasiroi

100 2975 211 3034 spiritus.
224 2974 275 3022 iicc
288 2975 372 3024 tritico
386 2974 462 3035 dixit,
472 2988 524 3023 non
537 2975 624 3038 paleae;
634 2988 722 3025 massae
733 2975 821 3024 latenti
831 3011 838 3035 ,
849 2987 901 3023 nou
911 2973 1013 3036 stipum
1022 2965 1140 3035 appareill,

100 3041 129 3090 Ι).
144 3042 258 3103 πωπω
275 3044 333 3103 Vos,
345 3045 389 3105 qui
407 3044 523 3106 baptizati
536 3048 596 3094 estis
607 3083 614 3107 ,
626 3048 651 3094 et
664 3057 708 3108 per
727 3045 849 3107 Spiritum
863 3043 988 3094 Sanctum
1007 3042 1141 3111 restibili

100 3114 157 3161 estis
170 3113 297 3175 carnales,
311 3126 359 3163 nec
371 3114 487 3164 carnalia
496 3114 605 3175 curatis,
616 3129 665 3164 nec
676 3114 811 3177 sequimini
829 3134 835 3163 ε
848 3114 891 3163 soti
900 3115 929 3162 io
941 3114 1043 3177 Spiritu
1048 3129 1058 3174 ;
1069 3106 1139 3169 idest,

100 3181 143 3230 sed
155 3181 310 3244 spirituales,
322 3182 464 3245 spiritualia
475 3183 623 3245 diligentes,
638 3184 733 3247 Spiritu
750 3183 842 3241 Sancto
852 3184 888 3233 sic
900 3182 980 3232 slllati
991 3184 1074 3244 ,istiu
1087 3175 1141 3243 spiri·

99 3253 155 3300 tum
166 3253 220 3300 sitis
231 3252 338 3312 quodam
352 3252 427 3302 modo
439 3255 562 3302 conversi.
737 3249 740 3255 ’
1189 3258 1192 3271 ’

132 3319 161 3368 Si
175 3325 257 3369 tomen
271 3320 382 3382 Spiritus
395 3321 442 3369 Dei
450 3321 549 3371 hobitot
562 3321 684 3383 iooobir5
694 3321 779 3382 idest,
793 3322 814 3371 si
826 3334 879 3371 non
893 3314 1001 3391 recessit
1012 3321 1027 3372 t
1037 3310 1139 3372 misssi

100 3387 211 3450 habitat,
228 3389 361 3450 sedemque
381 3389 463 3438 tircrii
473 3393 664 3452 permanentem
675 3393 703 3439 in
717 3392 803 3453 robis,
814 3390 884 3441 velut
897 3392 1069 3453 templlssuls.
1083 3390 1088 3396 '

131 3461 161 3509 Si
179 3459 235 3528 quis
248 3467 331 3523 cotem
341 3460 467 3521 Spiritum
483 3460 657 3511 Christi........
672 3460 698 3509 ld
709 3466 747 3510 est
757 3498 764 3522 ,
776 3462 798 3509 si
811 3463 868 3522 quis
885 3461 1012 3524 Spiritum
1025 3459 1140 3511 Sensim

99 3538 175 3590 quem
191 3528 305 3578 Christus
315 3565 321 3588 ,
332 3530 410 3590 caput
422 3530 550 3588 nostrum,
559 3527 595 3576 iili
606 3540 650 3592 per
662 3528 817 3592 baptismum
829 3530 1044 3590 communicarit,
1055 3520 1139 3588 ampli»

99 3610 151 3647 non
160 3598 249 3657 hahet,
265 3596 304 3646 itio
317 3611 367 3646 non
378 3603 412 3645 ert
423 3597 492 3659 ejrr,
505 3597 595 3658 idest,
607 3609 658 3647 non
675 3601 783 3662 pertinet
797 3597 831 3647 ad
848 3610 924 3660 eum,
939 3597 1063 3661 tanquam
1078 3600 1140 3646 mem·

98 3665 173 3715 hrum
184 3668 282 3716 rivum.
782 3684 785 3689 ·
1055 3701 1058 3707 «
1074 3688 1077 3697 ·

130 3734 194 3796 Ergo
206 3748 257 3784 nou
271 3734 363 3784 suillcit
375 3736 477 3785 credere
488 3740 514 3785 et
522 3737 674 3798 bsptizatum
686 3749 755 3799 esse,
767 3740 797 3786 ut
809 3739 867 3798 quis
878 3738 912 3787 sit
920 3737 1141 3788 aenccnrtsttucs

100 3802 144 3852 sed
157 3807 278 3864 proterea
290 3804 426 3864 requiritur
438 3810 465 3854 ut
479 3805 571 3854 Christi
585 3805 707 3868 Spiritum
718 3807 818 3858 hebeat.
1101 3819 1104 3828 ·

131 3871 249 3926 attendat
263 3871 307 3921 hic
327 3873 434 3933 quisquc
451 3875 508 3925 sibl.
526 3874 662 3936 Triplicem
673 3877 775 3925 invenio
793 3877 928 3938 spiritum.
942 3875 1036 3935 Girristi
1049 3871 1139 3925 seriei.

102 3939 202 4001 ntundi,
211 3942 236 3988 et
247 3939 339 3990 diaboii
353 3958 362 3990 ι
375 3940 484 4004 Spiritus
498 3942 592 3995 christi
598 3945 712 4000 mlttscst
720 3947 747 3994 et
757 3943 862 3995 humile
872 3944 1044 3995 etcoeicsttsn
1058 3941 1141 4005 spiritu
