2520 4440
327 271 496 323 TRIPLEX
514 273 738 326 expositio.
758 268 838 326 cis.
859 275 906 325 lx.
1089 273 1146 324 tte

111 363 139 430 i.
149 366 201 428 15,
211 365 257 417 l6.
272 367 331 418 Hoc
342 365 441 431 probat
457 365 548 430 primo
560 381 610 434 per
628 368 712 420 verba
727 367 776 420 Dei
793 367 829 419 ad
845 369 979 435 lloysem,
996 366 1082 421 Exod.
1098 368 1142 418 53.

78 448 120 498 49.
134 447 270 499 nimirum
281 453 429 513 postquam
441 462 538 501 omnes
554 449 642 504 iudaei
660 450 732 502 circa
750 449 866 501 vitutum
882 463 998 502 aureum
1010 461 1144 514 peccave·

81 535 292 595 ran13quorum
310 535 403 582 tamen
423 531 507 597 aliqui
523 531 630 584 tanttim
642 532 777 598 supplicio
791 537 855 584 sunt
867 531 971 595 affecti;
986 531 1031 583 alii
1046 543 1145 583 eorum

81 611 215 678 supplicio
229 613 347 664 correcti
360 631 366 665 :
382 614 485 680 quippe
498 615 564 680 qnia
582 618 656 666 Deus
666 621 708 667 est
725 614 922 667 misericordiae
934 627 991 667 suae
1003 614 1143 666 dominus.

113 695 246 748 Secundb
259 697 384 762 exemplo
397 697 562 761 Pharaonis,
581 711 664 764 quem
680 701 753 750 Deus
765 697 795 750 in
813 712 863 750 sua
875 697 1062 750 obstinatione
1078 697 1144 748 reli-

82 778 153 844 quit,
164 792 310 845 quemque
323 780 435 834 tandem
447 780 592 846 demersit,
604 780 671 832 dum
679 782 840 835 iudaeorum
851 781 980 834 misertus
991 784 1048 844 est,
1058 779 1146 844 ipsos-

82 875 132 928 que
144 862 272 915 salvavit.
288 863 315 930 i.
327 866 373 916 li.

113 945 160 998 llis
169 946 307 1011 exemplis
319 952 394 1012 patet
405 949 493 1000 Deum
505 945 771 999 misericordiarum
783 947 929 999 dominum
942 961 1020 1010 esse,
1033 951 1060 999 et
1074 959 1145 998 con-

83 1035 230 1096 sequenter
243 1029 345 1081 nullam
358 1029 385 1081 in
398 1032 455 1082 lieo
471 1028 634 1098 injustitiam
646 1043 722 1093 esse,
741 1030 764 1082 si
776 1031 888 1083 ludaeos
900 1029 1043 1096 reliquerit
1054 1028 1083 1080 in
1095 1042 1145 1081 sua

81 1112 277 1176 obstinatione,
288 1112 559 1166 Christianesautem
571 1112 788 1166 misericorditer
800 1113 926 1179 elegerin
939 1114 1011 1166 sicut
1024 1111 1146 1165 Pharao-

82 1208 141 1248 nem
156 1195 188 1246 in
202 1195 253 1247 sua
262 1193 417 1262 justissime
430 1196 540 1262 reliquit
552 1195 738 1249 obduratione
749 1195 876 1261 propria,
887 1200 915 1248 et
929 1210 1014 1262 quam
1026 1195 1079 1248 sibi
1095 1196 1145 1246 sui

82 1277 182 1331 malitia
196 1284 410 1344 procuraverat,
426 1279 453 1346 i.
467 1282 512 1331 18.

452 1454 455 1459 Δ
553 1403 664 1448 cunam.

114 1499 140 1564 i.
153 1501 200 1550 19.
215 1497 316 1564 objicit
325 1498 377 1550 sibi
388 1515 395 1550 :
405 1499 429 1550 si
437 1499 474 1551 ita
483 1500 518 1551 sit
524 1498 601 1563 qubtl
610 1498 770 1565 Deusqu'us
782 1499 839 1553 ruit
847 1498 1008 1563 miseretur,
1019 1511 1069 1550 cur
1078 1511 1144 1564 ergo

82 1594 131 1632 nos
147 1586 264 1634 accusat
279 1586 306 1633 et
317 1582 406 1647 punit.

112 1663 276 1732 Respondet
293 1653 405 1730 primb,¹
418 1662 495 1731 quod
515 1670 656 1729 creatura,
671 1664 721 1717 Dei
742 1664 921 1731 figmentum,
937 1677 1002 1725 cum
1018 1665 1075 1716 Deo
1087 1679 1145 1716 non

82 1746 178 1800 debeat
190 1736 351 1813 disputare,
367 1761 418 1800 nec
430 1748 514 1799 ullam
530 1747 565 1799 ab
578 1762 611 1800 eo
625 1748 762 1801 rationem
777 1744 900 1814 erigere;
917 1745 989 1799 sicut
1004 1759 1051 1798 vas
1063 1745 1145 1798 fictile

82 1846 143 1886 cum
155 1845 208 1885 suo
221 1832 307 1900 figulo
323 1845 378 1884 non
392 1831 524 1896 disputat.
538 1831 565 1898 i.
579 1833 628 1895 20,
643 1833 688 1884 2l.
1089 1828 1091 1835 '

112 1917 276 1982 Respondet
289 1915 427 1979 secundo,
439 1913 515 1981 juste
524 1917 611 1966 Deum
627 1916 662 1967 de
674 1913 834 1966 bominibus
848 1915 999 1978 conqueri,
1014 1912 1079 1978 quia
1092 1912 1145 1979 ipsi

81 1987 258 2065 sui‘malitid,
273 2005 371 2052 contra
382 1998 431 2050 Dei
446 1999 617 2051 voluntatem
632 2012 693 2051 sese
705 1997 844 2050 obdurant
860 2012 866 2047 :
883 1999 956 2047 Deus
969 2000 1062 2048 autem
1074 1995 1145 2047 hanc

82 2083 187 2136 illorum
200 2082 333 2136 duritiem
342 2096 407 2134 cum
415 2083 500 2133 multa
510 2082 641 2147 patientia
652 2081 782 2143 sustinet;
795 2079 818 2130 si
826 2083 918 2130 autem
927 2083 1076 2143 postquam
1084 2078 1145 2129 ilios

81 2166 127 2220 diu
139 2167 288 2231 sustinuit,
305 2165 425 2219 suumin
444 2166 505 2217 illos
517 2164 585 2217 iram
603 2164 738 2229 ostendit,
753 2163 824 2216 sicut
839 2162 868 2214 in
882 2161 1066 2226 Pharaonem
1081 2161 1145 2213 hinc

81 2251 146 2304 nihil
154 2257 255 2304 contra
264 2254 351 2303 Deum
359 2248 414 2302 dici
426 2255 518 2314 potest
530 2266 536 2301 :
546 2250 634 2301 malos
644 2248 798 2310 tolerando,
809 2260 888 2300 snam
900 2242 1023 2299 ostendit
1032 2244 1146 2299 bonita-

83 2340 148 2398 tom;
161 2334 319 2388 obduratos
326 2333 479 2400 puniendo,
489 2345 568 2383 suam
578 2326 869 2398 ostenditpoteniiam,
880 2335 908 2383 et
919 2328 1145 2397 exhacipsorum

80 2419 240 2484 punitione,
251 2431 331 2470 suam
338 2407 443 2470 clarius
450 2415 606 2468 manifestat
615 2415 643 2467 in
653 2414 823 2469 Christianos
829 2412 1063 2553 misericoffiam
1074 2425 1146 2478 quos

80 2504 188 2556 vocavit
201 2503 307 2570 partim
323 2516 355 2555 ex
373 2500 489 2564 ludaeis,
504 2500 553 2552 sed
569 2500 649 2552 vaide
660 2511 781 2565 paueos;
794 2499 896 2564 partim
908 2511 942 2550 ex
995 2496 1103 2560 ntibus,
1118 2501 1145 2548 et

82 2587 194 2654 quidem
206 2584 450 2653 quamplurimos,
468 2583 495 2651 i.
509 2585 561 2646 22,
573 2585 623 2647 25,
639 2585 687 2646 24,
705 2587 758 2634 etc.

567 2707 671 2752 qurum.

113 2808 140 2876 i.
155 2810 206 2869 50,
221 2810 274 2870 31,
289 2807 333 2858 52.
344 2804 461 2858 Omnem
473 2802 639 2856 difficultatis
654 2801 760 2855 nodum
773 2802 898 2865 solvens,
913 2799 979 2852 dicit
988 2798 1143 2864 Apostolus,

84 2888 143 2943 ideo
154 2889 271 2944 Judaeos
284 2888 352 2941 iria
363 2887 459 2940 salutis
469 2884 587 2952 rejectos
600 2899 675 2950 esse;
688 2885 753 2951 quia
763 2885 790 2936 in
800 2882 939 2936 Christum
948 2895 1008 2934 non
1018 2881 1147 2934 credide-

85 2979 157 3038 mnt,
171 2973 281 3038 suaque
292 2969 485 3023 incredulitate
496 2970 549 3022 illis
561 2969 678 3036 contigit
691 2968 767 3035 quod
780 2967 832 3019 iter
846 2965 1023 3027 facientibus,
1043 2965 1146 3031 impin·
1218 2958 1221 2963 ’

88 3064 149 3122 gunt
166 3053 320 3123 aliquando
331 3053 360 3105 in
373 3053 490 3120 lapides,
505 3054 591 3121 pedes
604 3053 721 3118 laedunt,
737 3052 832 3116 sicque
844 3049 879 3101 ab
893 3048 998 3102 itineris
1013 3061 1147 3114 perseeu-

90 3138 158 3192 tione
167 3138 361 3205 impediuutur
373 3153 380 3189 z
394 3137 514 3192 Gentiles
526 3136 592 3192 verb
605 3135 640 3190 ad
647 3135 784 3205 justitiam
793 3139 820 3188 et
828 3133 944 3186 salutem
957 3131 1071 3198 ascitos,
1081 3131 1147 3201 quie

93 3221 263 3276 erediderunt
274 3220 304 3274 in
320 3219 468 3274 Christum.
612 3208 615 3213 ’
