2520 4440
338 255 509 312 rntrtnx
530 261 755 315 nitrosirlo.
777 262 858 315 ChP.
878 263 929 314 xl.
1114 256 1165 314 5ῦῖ
1223 285 1226 292 ·

96 472 1160 513 ...ΟΜΝΗΕΟΟΟΟΜΜΟΟΟΟΜΜΜΝΟΟΟΜΟΟΟΜΟΟΟΟΟΟΟἈΟΙΟΟΟΟΟΜΟ

233 681 492 773 ANALYSIS
522 687 731 771 CAPITIS
758 679 1036 793 U'Nbssctntt.

100 1051 141 1148 In
154 1094 210 1148 hoc
223 1094 316 1162 eapite
326 1095 379 1148 trla
390 1095 521 1149 reformat
532 1097 616 1161 mata,
634 1111 698 1164 quae
714 1097 742 1149 in
754 1098 873 1163 publicis
884 1100 1088 1157 Corinthiorum
1098 1118 1165 1158 con·

99 1178 233 1232 rentibus
246 1179 425 1244 irrepserant.
525 1195 532 1209 ·

133 1262 246 1324 Primd,
261 1267 358 1314 contra
376 1262 523 1327 docorum,
538 1263 591 1315 viri
604 1269 702 1329 operto
715 1265 816 1330 capite,
831 1267 961 1319 mulieres
977 1275 1088 1334 aperto,
1103 1285 1166 1324 ora-

98 1346 167 1398 bant
180 1352 209 1398 et
224 1344 437 1411 prophetabant.

134 1427 283 1491 secundo,
297 1427 412 1481 ditiores
423 1428 451 1480 in
461 1430 577 1482 ecclesia
587 1431 766 1496 particulares
776 1429 827 1482 sibi
838 1431 972 1496 parabant
984 1447 1106 1498 mensas,
1116 1435 1164 1486 ubi

100 1513 287 1580 epulabantur
298 1511 385 1573 laute,
402 1512 571 1578 pauperibus
583 1513 694 1564 interim
707 1514 902 1567 esurientibus
1019 1570 1023 1575 ,

135 1595 244 1659 Tertio,
259 1595 338 1646 multi
350 1595 463 1661 indigne
477 1595 512 1647 nd
525 1595 727 1647 sanctissimam
741 1597 940 1649 Eucharistiam
951 1599 1129 1652 accedebant.

133 1682 242 1734 Horum
261 1676 419 1730 defectuum
436 1678 605 1743 correptioni
625 1679 697 1730 viam
709 1685 788 1745 parat
801 1681 964 1746 Apostolus,
986 1681 1062 1734 brevi
1074 1683 1166 1734 Corin·

97 1763 226 1816 tbiorum
237 1760 337 1824 laude,
351 1760 378 1828 i.
392 1763 418 1812 T.
434 1762 573 1814 contenti.

134 1847 163 1914 i.
182 1848 209 1898 5.
232 1845 267 1895 ttt
287 1843 405 1909 primam
422 1844 597 1910 aggrediatur
616 1844 857 1909 reformationem,
875 1845 977 1898 stabilit
992 1859 1043 1911 pro
1063 1845 1165 1897 funda⁴

96 1933 212 1989 mento,
227 1925 306 1993 quod
321 1926 392 1977 sicut
406 1926 530 1978 Christus
542 1933 584 1979 est
599 1929 690 1979 omnis
702 1928 753 1979 viri
772 1933 854 1993 caput
867 1934 894 1979 et
905 1928 1039 1980 Dominus
1045 1945 1053 1991 ;
1068 1928 1106 1980 ita
1123 1928 1164 1979 rir

95 2011 228 2067 mulieris
243 2017 286 2062 est
298 2013 380 2074 eaput
393 2025 399 2061 :
416 2011 489 2060 Deus
501 2016 593 2062 autem
606 2010 697 2063 omnis
710 2011 910 2076 superioritatis
922 2010 995 2062 fons.

50 2079 52 2088 ’
134 2095 208 2150 tnnc
228 2093 255 2161 i.
277 2095 304 2145 t.
322 2090 405 2144 infert
420 2092 496 2157 quod
514 2094 604 2146 omnis
618 2093 659 2145 vir
678 2106 761 2145 orans
777 2092 899 2158 publice,
916 2093 958 2144 vel
976 2087 1163 2158 prophetans,

96 2179 186 2233 debet
198 2189 261 2229 esse
274 2181 368 2240 aperto
382 2175 488 2241 capite3
503 2176 579 2241 quod
591 2177 700 2243 signum
713 2181 755 2228 est
766 2176 899 2228 libertatis
914 2181 942 2228 et
953 2175 1163 2242 superioritatis.

134 2262 164 2329 j.
179 2263 205 2312 5.
221 2262 242 2311 E
254 2259 352 2311 contra
363 2258 454 2310 omnis
466 2258 564 2310 mulier
573 2264 670 2324 operto
683 2259 773 2325 capite
783 2259 832 2323 sit3
844 2259 921 2325 quod
932 2258 1112 2326 subjectionis
1123 2265 1165 2311 est

95 2345 224 2411 signum.
238 2342 265 2408 fr.
282 2343 309 2392 6.
325 2343 415 2406 Turpe
428 2346 469 2392 ost
480 2341 588 2392 mulieri
600 2347 695 2408 aperto
705 2343 794 2408 capite
806 2355 886 2395 orare
900 2358 907 2394 :
921 2343 986 2408 quia
997 2342 1071 2394 idem
1083 2346 1165 2393 estac

96 2428 123 2479 si
141 2431 218 2479 esset
234 2437 296 2476 rasa
307 2441 314 2488 ς
326 2422 380 2476 hoc
393 2423 560 2489 probrosum
573 2438 639 2491 ergo
651 2431 678 2477 et
689 2426 815 2478 alterum.

134 2509 164 2576 5.
180 2511 205 2559 7.
220 2509 372 2571 Utramque
382 2506 615 2572 propositionem,
631 2509 705 2562 etde
717 2510 775 2561 riro
789 2515 816 2562 et
829 2510 864 2562 de
876 2510 1008 2573 muliere,
1022 2507 1165 2561 confirmat

90 2586 163 2646 'aliis
175 2589 331 2643 rationibus
342 2589 465 2641 anatura
477 2589 585 2654 ductis,
596 2605 686 2658 usque
699 2592 734 2644 ad
745 2592 773 2660 i.
785 2595 833 2656 te,
845 2592 894 2644 ubi
904 2591 1033 2643 Ecclesiae
1044 2603 1166 2642 consue·
1204 2628 1207 2634 .

94 2675 201 2728 tudine
213 2686 274 2724 rem
286 2670 396 2724 conficit
408 2670 540 2725 adversus
552 2674 720 2726 contrariam
733 2674 896 2726 sententiam
912 2676 1128 2738 propugnantes.

134 2758 166 2826 j.
185 2758 231 2808 tl.
247 2755 358 2806 Transit
372 2753 408 2805 ad
425 2754 522 2820 aliam,
545 2758 701 2824 etquidem
714 2757 828 2823 majoris
844 2754 977 2808 momenti
990 2752 1165 2805 reformatio-

95 2854 168 2895 nem
183 2855 189 2891 :
204 2838 270 2890 hinc
286 2851 344 2889 non
356 2837 467 2902 laudat,
482 2838 532 2890 sed
547 2839 701 2906 vituperat;
716 2840 781 2906 quia
794 2851 891 2892 eorum
905 2842 993 2889 coetus
1009 2848 1066 2886 non
1078 2833 1165 2899 profl-

96 2924 181 2978 ciunt
189 2923 218 2974 in
232 2921 348 2985 melius,
360 2921 409 2973 sed
421 2920 450 2972 in
461 2921 583 2974 deterius
596 2923 736 2975 deficiunt.

136 3003 239 3071 Tangit
259 3003 324 3056 vitia
342 3003 446 3069 quaein
463 3003 506 3055 liis
524 3005 641 3057 coetibus
656 3005 841 3057 committunt.
855 3005 883 3071 ir,
901 3006 945 3054 48.
961 3001 1059 3066 Tangit
1070 3013 1166 3052 eorum

97 3086 311 3148 dissensiones,
326 3099 396 3150 quas
409 3094 528 3151 exparte
541 3088 646 3140 credit:
660 3088 743 3154 quia,
758 3087 834 3153 quod
852 3085 1000 3137 schismate
1016 3082 1096 3148 pejus
1107 3088 1164 3146 est,

98 3176 214 3239 oportet
226 3175 254 3221 et
266 3168 386 3220 haereses
399 3182 470 3221 esse.

135 3256 166 3323 5.
180 3256 227 3306 20.
240 3252 362 3303 Divitum
380 3256 452 3303 taxat
464 3252 614 3318 ingluviem
628 3253 657 3304 in
670 3253 770 3318 Agapis
785 3252 973 3314 celebrandis,
988 3259 1123 3305 eteorum
1136 3250 1166 3302 in

98 3349 243 3407 pauperes
256 3334 396 3386 duritiem.
410 3335 437 3402 ir.
449 3336 480 3384 il
496 3341 522 3386 et
532 3336 577 3386 Ti.
593 3337 657 3386 llaec
667 3348 764 3386 eorum
779 3335 894 3386 crimina
907 3341 1061 3401 exaggerat.

138 3423 277 3474 Utautem
287 3429 319 3468 ea
329 3416 473 3480 reformet,
481 3415 558 3481 juxta
568 3416 667 3468 Christi
676 3416 785 3468 bomini
796 3417 949 3482 exemplar,
961 3418 988 3484 ir.
1001 3420 1052 3479 25,
1066 3419 1110 3480 at,
1120 3417 1165 3468 25.

99 3503 259 3560 Dominicae
271 3511 358 3551 coenae
370 3499 570 3551 institutionem
584 3499 697 3562 scribit,
713 3512 797 3563 quam
810 3499 893 3551 verbo
909 3500 1040 3551 docuerat
1054 3512 1113 3549 eos.

138 3587 167 3656 y.
184 3587 231 3637 26.
250 3580 407 3634 Corinthios
419 3581 568 3646 alloquitur
583 3581 696 3641 Paulus
710 3585 741 3630 ut
756 3580 901 3633 attendant
917 3582 953 3633 ad
969 3583 1069 3642 relato,
1085 3585 1112 3630 et
1130 3580 1168 3630 vi·

102 3671 190 3724 deant
202 3661 340 3733 quantdm
353 3661 442 3714 absint
457 3662 473 3716 d
493 3675 569 3715 coena
583 3661 738 3725 dominica,
755 3667 783 3715 et
795 3662 879 3728 quim
896 3663 1016 3728 graviter
1028 3663 1055 3711 in
1069 3661 1168 3715 Christi

103 3752 320 3807 Sacramentum
331 3749 457 3810 peccent.

139 3835 168 3904 y.
182 3837 229 3887 27.
245 3829 355 3882 Transit
366 3826 402 3880 od
415 3826 535 3896 indignae
545 3822 749 3881 communionis
758 3823 965 3889 enormitatem,
980 3837 1063 3892 (pram
1074 3839 1107 3879 cx
1119 3839 1173 3878 su-

106 3910 373 3986 perioribusinfert.
597 3985 609 4012 ι
