2520 4440
109 280 144 332 aa
407 256 607 332 rarsrocm
627 279 675 331 aa
693 276 876 332 coranos

109 385 154 423 nes
172 392 178 421 ι
198 375 233 422 ita
249 384 293 437 per
314 385 394 423 uuum
413 371 559 432 homiuem,
579 371 708 422 Christum
730 373 853 437 translit,
865 372 1151 438 inqucomncspeaca

109 442 222 502 scillcet,
232 443 345 503 justitia,
358 447 383 491 et
392 454 437 505 per
448 443 574 503 justitiam
587 443 653 503 vita,
666 443 707 491 la·
729 456 838 505 verunt,
1043 440 1046 444 '
1077 446 1080 451 '

108 512 185 560 travit
197 512 224 560 ln
237 511 373 561 mundum.
846 530 849 537 ·

140 577 210 639 Quid
225 580 253 628 in
269 577 364 628 adama
380 580 541 643 peccaverint
558 590 646 629 omnes
661 576 708 629 ho-
763 586 809 637 cz,
827 582 923 650 [isque
938 580 975 634 ad
992 580 1080 647 legem
1093 578 1150 633 euim

108 647 207 707 mines,
228 650 253 695 et
275 651 456 708 consequenter
476 646 543 709 quod
563 647 595 697 ab
616 647 707 697 Adaml
730 663 956 726 peccatum-emp
979 656 1010 709 in
1036 654 1148 711 mundo,

107 716 261 777 temporibus
282 720 416 778 peccatum
441 716 518 766 fucrit
542 718 569 766 in
593 716 706 777 munda,
729 733 1150 804 peccatumautemnonimpup.

107 785 184 832 etiam
201 788 260 832 ante
278 783 358 844 legem
376 783 477 847 deum,
495 785 555 835 licet
574 788 707 849 peccatum

106 857 169 902 tunc
181 866 232 901 nan
245 855 426 915 imputaretur,
436 857 480 903 aut
495 857 536 903 vix
548 856 706 915 reputaretur

107 921 139 969 ab
159 921 304 969 hominihus
323 933 396 969 suam
417 922 649 983 concupiscentiam
666 933 706 969 so-

106 989 257 1051 quentihus,
275 992 300 1039 et
316 989 397 1050 legem
410 988 525 1038 nondum
538 987 705 1049 habentibus,

106 1070 163 1119 quae
189 1060 286 1120 peccati
306 1056 444 1107 ioedttatem
466 1059 526 1121 ipsis
545 1056 705 1117 ostenderet;

106 1129 175 1189 patet
191 1140 221 1177 ex
235 1130 330 1187 morte,
347 1127 452 1189 ellectu,
471 1131 502 1177 et
510 1140 585 1193 perna
599 1130 704 1191 peccati.

730 816 827 882 batur,
839 813 906 869 ciam
920 815 967 868 lex
978 824 1037 866 non
1052 815 1124 865 esset

137 1310 203 1360 llcce
215 1313 327 1372 primum
344 1310 543 1373 comparationis
559 1308 703 1359 membrum
716 1307 748 1357 ah
761 1305 878 1369 apostolo
894 1304 1007 1368 positum
1017 1323 1025 1366 3
1037 1308 1064 1353 st
1074 1303 1151 1364 impeta

106 1378 215 1441 Spiritus
228 1380 363 1442 abreptus,
373 1378 483 1429 alterum
494 1380 690 1442 comparationis
701 1377 845 1426 membrum
855 1375 940 1424 differt
952 1385 1035 1435 usque
1048 1372 1080 1422 ad
1088 1385 1112 1421 n.
1122 1372 1150 1419 ts.

107 1450 192 1512 Igitur
206 1451 271 1499 sicat
278 1463 326 1512 per
336 1448 558 1506 caturcetim,
570 1454 619 1497 etc.
632 1449 667 1496 ihi
678 1449 747 1497 enim
758 1446 897 1496 absolvitur
912 1445 1078 1508 comparatio.

137 1519 331 1580 agnoscendum
347 1522 385 1569 est
398 1520 475 1581 igitur
491 1519 535 1569 hlc
550 1518 723 1580 hyperbaton,
739 1530 789 1580 quo
807 1528 853 1579 per
863 1515 965 1577 longam
982 1511 1151 1578 parenthesim,
1189 1530 1191 1549 ι

106 1586 239 1651 Apostolus
252 1591 277 1636 et
289 1588 386 1649 peccati
401 1586 530 1648 originalis
543 1584 759 1649 universalitatem
770 1583 919 1645 confirmat,
931 1586 958 1633 et
969 1583 1089 1635 instituta
1097 1591 1152 1629 cam·
1188 1592 1191 1597 ·

104 1658 244 1720 pacationis
259 1655 477 1706 dissimilitudines
492 1658 615 1705 recenset.

138 1731 163 1775 1⁰
175 1726 315 1777 Confirmat
327 1738 416 1776 amnes
430 1727 457 1775 ln
468 1726 565 1775 Adamo
574 1727 730 1789 peccavisse,
740 1736 785 1775 seu
796 1723 863 1786 quod
873 1723 938 1774 dixit
949 1725 978 1773 ln
992 1736 1020 1772 n.
1034 1723 1071 1771 12.
1081 1721 1106 1770 ia
1115 1731 1152 1781 aaa
1189 1774 1191 1783 Ι

105 1810 188 1847 cancer
202 1802 372 1859 peccavarunt.
1026 1858 1030 1865 Ι
1189 1790 1191 1815 ²

137 1870 175 1916 ta.
188 1868 266 1928 Usque
276 1867 310 1916 aa
320 1866 395 1928 legem
405 1866 471 1915 caim
478 1870 607 1929 peccatam
617 1871 684 1927 erct;
694 1865 720 1915 ld
730 1869 780 1927 est,
790 1864 822 1915 ab
832 1864 946 1925 Adamo,
957 1877 1039 1926 capsae
1049 1860 1153 1924 edicam
1189 1888 1191 1895 ·

104 1935 246 1997 exclusive,
270 1948 314 1985 seu
330 1939 389 1985 ante
402 1935 482 1996 legem
501 1935 601 1996 datam,
615 1941 746 1998 peccatam
760 1938 813 1984 tam
832 1931 970 1995 originale,
983 1932 1061 1995 quim
1071 1927 1154 1981 aeuus

105 2005 155 2068 [cit
171 2006 199 2054 ic
216 2006 318 2055 muodo.

134 2076 267 2125 Peccatum
277 2079 361 2124 autem
369 2087 419 2122 noc
431 2073 617 2135 imputabatur.
629 2072 734 2122 Graan
746 2075 901 2135 imputatur,
910 2084 965 2122 non
977 2067 1152 2133 existentclege.

104 2144 177 2194 Juxta
195 2157 272 2206 quarn
282 2143 417 2194 lectionem
431 2156 519 2192 seusus
537 2146 574 2192 est
585 2161 591 2192 ε
604 2141 649 2191 ubi
668 2155 720 2191 nan
734 2146 771 2191 est
782 2142 837 2204 lex,
851 2141 1036 2204 lhlpeccatam
1046 2153 1096 2191 non
1114 2141 1154 2189 lm·

103 2218 216 2277 pulatur.
1022 2267 1025 2273 ,

134 2283 181 2332 Sed
192 2283 294 2346 Syriaca
305 2293 370 2331 vers.
385 2283 451 2331 sicut
461 2284 486 2330 et
494 2284 580 2331 nostra
590 2281 681 2343 hahet,
692 2295 743 2332 coc
752 2280 941 2345 imputabatur.
953 2280 1066 2344 AEthlcp.
1077 2277 1153 2347 ethra

103 2351 173 2413 hies,
187 2365 239 2401 non
255 2351 435 2412 reputabatur,
452 2353 495 2400 vix
510 2351 700 2401 existimabatur
710 2352 742 2401 ab
760 2350 909 2401 hominihus
920 2350 1003 2402 solam
1015 2349 1155 2419 naturarutl

103 2421 336 2482 concupiscentiam
354 2418 516 2480 sequentibus
534 2424 559 2470 et
577 2420 658 2483 legem
674 2421 789 2471 nondum
811 2421 982 2482 habentibus,
999 2430 1057 2483 que
1072 2416 1154 2485 pecadl

102 2487 240 2537 tarditatem
251 2489 311 2549 ipsis
324 2489 474 2538 ostenderet.
886 2534 889 2539 .
940 2509 943 2514 ·

102 2602 105 2613 ,
133 2557 176 2606 Vel
190 2571 249 2607 cum
263 2556 335 2618 aliis,
353 2572 402 2609 aaa
416 2557 617 2620 imputabatcrh
633 2559 683 2609 lieo
696 2559 728 2609 ad
739 2561 970 2622 tantampoenam=
982 2559 1153 2621 lucagnano

102 2639 147 2676 seu
157 2640 208 2676 aaa
213 2627 390 2689 imputabatur
397 2631 451 2676 tam
461 2629 585 2690 graviter,
597 2627 656 2676 chm
669 2628 708 2677 lex
718 2629 811 2691 scripta
821 2641 873 2679 non
883 2632 967 2692 esset3
979 2634 1010 2679 ut
1020 2631 1058 2680 ait
1066 2628 1153 2689 utura

101 2695 292 2747 carthusianus.

135 2783 172 2829 ti.
186 2781 233 2829 Sed
246 2780 360 2841 regnauit
374 2791 442 2829 marr
454 2779 487 2829 ab
501 2781 591 2830 Adam.
601 2779 692 2830 Probat
703 2792 734 2830 ex
748 2780 839 2830 ellectu
849 2781 1154 2845 ctpoenapeccau,mona

101 2848 212 2908 scillcet,
228 2848 294 2910 quod
308 2860 395 2897 omnes
411 2849 488 2896 etiam
502 2853 560 2897 ante
573 2849 652 2910 legem
666 2850 738 2898 erant
752 2849 851 2899 obnoxii
865 2853 981 2913 peccato.

132 2919 253 2978 Regnavit
267 2932 346 2978 mors,
363 2920 388 2965 et
398 2930 430 2966 ne
444 2916 507 2967 iortd
516 2920 625 2981 excipias
636 2917 745 2968 infantes
755 2919 770 2968 h
779 2923 884 2981 peccato
894 2957 901 2980 ,
911 2922 973 2981 qula
985 2923 1093 2971 milonis
1103 2929 1153 2970 noa

101 2988 164 3037 dum
176 2991 314 3049 compotes,
327 2986 411 3047 addit,
428 2989 503 3036 etiam
519 2990 547 3037 ic
560 2992 615 3045 eds,
635 2989 680 3051 qui
696 3002 747 3037 coc
762 2996 928 3051 peccauerunt
939 2994 1047 3052 peceato
1058 2986 1153 3044 suomi,

101 3071 146 3108 seu
159 3058 258 3119 proprii
272 3058 416 3119 voluntate,
428 3060 495 3107 sicut
507 3057 605 3107 Adam:
625 3056 677 3107 sola
692 3059 777 3120 ltaque
795 3059 885 3108 mortis
902 3057 1010 3109 illorum
1027 3070 1104 3109 causa
1116 3057 1154 3108 tuta

100 3126 232 3190 peccatum
247 3125 376 3187 originale.

131 3194 314 3256 Argumentum
325 3208 382 3256 ergo
393 3195 503 3256 Apostoll
519 3194 567 3244 hoc
581 3199 619 3245 est
632 3215 639 3244 ε
1093 3244 1097 3251 ,

129 3265 210 3325 llars,
223 3276 277 3326 quae
289 3269 325 3313 cst
337 3278 427 3326 pmna,
445 3265 547 3314 eiiectus
559 3269 584 3313 et
594 3277 679 3315 comcs
691 3265 823 3315 tndivldua
836 3267 950 3328 peccati,
962 3270 1021 3319 erat
1032 3270 1062 3319 ln
1070 3263 1154 3319 munde

99 3338 160 3385 aute
172 3332 264 3395 legem,
283 3338 308 3383 et
325 3335 444 3395 regnabat
455 3334 485 3382 ah
499 3333 595 3382 Adamc
610 3335 638 3383 in
658 3346 746 3383 amnes
760 3334 896 3396 homines,
910 3337 993 3387 etlam
1007 3336 1039 3387 ln
1048 3330 1105 3385 llius
1119 3333 1154 3395 cvl

99 3407 159 3454 actu
171 3417 222 3453 non
235 3408 415 3466 peccaverant,
426 3406 491 3452 sicut
502 3403 581 3452 aldam
591 3422 598 3451 z
610 3416 667 3465 ergo
678 3408 811 3466 peccatum
821 3442 828 3466 ,
840 3405 910 3468 quod
920 3408 960 3456 est
972 3406 1053 3457 aas!
1064 3404 1153 3461 mardi.

99 3478 153 3524 erat
167 3477 193 3523 in
205 3474 323 3523 omnibus
340 3473 506 3534 hominibus,
525 3476 602 3523 etiam
613 3474 767 3536 infantibus,
778 3479 839 3525 ante
850 3476 933 3538 legem
946 3494 953 3526 ε
967 3475 1031 3527 licdt
1040 3480 1103 3527 tuna
1112 3484 1153 3525 uon

98 3545 257 3604 reputaretur
268 3542 299 3590 ab
312 3540 472 3602 hominihus,
487 3545 584 3590 naturae
595 3545 783 3605 corruptionem
796 3548 822 3592 et
832 3544 914 3595 solum
928 3544 1153 3614 concupiscentiam

99 3611 261 3672 sequentibus
274 3631 280 3659 t
297 3623 340 3659 seu
349 3610 408 3660 licet
419 3610 504 3660 minus
517 3611 592 3660 theo
603 3613 786 3677 imputaretur,
799 3616 887 3676 utpote
902 3613 1024 3664 nandum
1034 3615 1088 3679 lega
1096 3611 1153 3677 pavi·

98 3681 152 3729 tiva
163 3680 275 3742 expresse
287 3679 450 3743 prohibitum.

130 3745 161 3794 Et
172 3760 204 3795 ne
215 3747 314 3796 dicatur
325 3746 400 3795 tuisse
409 3751 541 3809 peccatum
550 3747 662 3809 actuale,
674 3749 744 3799 addit
753 3753 861 3799 mortem
870 3753 935 3801 tuuc
946 3753 1080 3814 regnasse,
1089 3752 1151 3803 atah

98 3813 127 3862 a'n
142 3827 181 3862 eos
197 3816 240 3875 qui
253 3819 310 3863 actu
326 3829 376 3863 aaa
392 3822 566 3876 peccauerunt,
583 3819 649 3867 sicut
665 3818 758 3880 Adam,
776 3818 803 3867 id
820 3822 857 3869 esi
869 3819 896 3868 in
910 3812 1045 3883 inlantesc
1062 3816 1150 3885 ergoch

98 3881 181 3930 solum
198 3887 330 3943 peceatum
349 3882 476 3944 originale.
495 3882 595 3935 (tracus
612 3889 695 3937 textus
713 3892 739 3938 et
757 3890 999 3942 omnesverslo'noe
1014 3890 1072 3959 Syr.
1087 3887 1147 3941 iiam·

99 3948 210 4014 ldthiop.
227 3950 333 4013 habent,
348 3953 392 4015 pai
403 3967 451 4003 aaa
462 3961 633 4016 cccccccccc.
705 3990 707 3994 ι
