2520 4440
337 246 507 301 anrlttx
525 247 747 301 Exposuit).
767 247 850 301 CAP.
869 248 918 299 itt.
1126 249 1159 300 ti

120 340 250 392 Seruiano.
264 341 301 392 Ειι
316 341 404 391 eodem
419 344 513 404 eapite,
528 343 632 404 oonoipe
643 355 699 403 quar
715 344 740 392 et
753 341 834 404 qualis
844 340 927 391 sitllla
938 339 999 391 fides
1008 338 1160 400 institimus,

91 409 121 460 de
136 423 188 472 qua
199 410 244 460 hio
266 409 379 472 loquitur
398 410 547 473 Apostolus,
560 412 668 472 etunius
682 410 827 475 exemplum
838 410 910 460 nobis
928 409 1066 460 exhibetur
1080 407 1160 458 Abru-

92 478 151 529 ltam
165 498 173 528 ε
186 483 213 529 et
229 479 288 529 ideo
299 480 381 541 qualis
394 480 534 530 debetesse
554 483 615 530 tua..

119 548 195 598 Fides
206 547 315 598 Abrahae
325 548 374 597 tuit
385 586 392 608 ,
405 561 457 599 non
469 553 584 609 mortua,
597 548 642 598 sed
654 550 712 598 ulva
722 569 729 610 ;
739 561 790 598 nou
803 548 885 608 unda,
895 547 938 598 sed
952 547 1070 598 omnibns
1080 546 1161 598 virtu·

91 617 158 667 tibus
169 621 277 678 ornata;
289 630 341 666 non
361 617 466 676 timida,
479 617 665 680 pusillanimis,
680 621 705 667 et
718 618 849 667 humiliter
863 617 894 667 de
907 617 957 666 Deo
977 619 1104 679 sentiens,
1117 615 1161 667 sed

91 686 179 748 tortis,
197 686 331 748 sublimis,
342 687 393 737 ulte
405 691 437 737 et
448 687 522 749 digne
539 687 571 736 de
584 686 629 736 liet
643 689 773 748 majestate
785 691 810 738 et
828 687 1010 748 omnipotentia
1031 688 1158 746 sentleus;

90 756 139 816 ipsi
158 755 280 817 penitus,
296 756 420 805 submissa
430 794 438 816 ,
448 755 483 806 'nd
496 768 584 806 omnes
596 758 651 815 ejus
668 755 810 805 voluntates
823 761 924 818 parnia;
936 757 1012 805 etium
1025 753 1058 804 ad
1074 757 1161 816 unige-

91 824 139 872 niti
150 824 198 875 tilii
210 826 252 874 sui
269 825 478 875 immolationem.
495 826 552 875 llaee
565 824 613 873 luit
629 823 691 874 tides
707 825 859 875 Patriarchae
872 824 1002 886 fidelium3
1017 828 1041 874 et
1052 823 1100 875 hdo
1113 823 1161 873 tide

90 892 141 942 lieo
154 907 320 956 summopere
330 895 435 957 placuit.
446 895 507 944 ilde
521 909 548 944 ιι.
563 899 600 955 17,
615 898 651 944 te.
660 898 708 944 eto.
718 895 780 944 Vide
791 900 816 945 ot
827 909 854 944 u.
872 899 895 945 3.

120 962 190 1012 l'alis
201 965 236 1012 sit
247 967 272 1012 et
287 967 332 1012 tua
343 1000 349 1021 ,
362 965 383 1011 st
392 963 442 1012 Deo
451 963 550 1026 placere
561 963 631 1013 velis.
646 964 685 1013 Sit
695 966 767 1024 viva,
784 964 875 1026 tirma,
890 963 1002 1024 stabilis,
1014 965 1086 1025 spel,
1101 963 1161 1013 obe-

91 1031 210 1093 dientias,
223 1033 371 1081 reverentia
393 1033 530 1093 virtutibus
555 1035 663 1094 vestita,
679 1032 710 1082 de
727 1032 778 1082 lieo
793 1032 926 1095 mugntttoe
942 1034 1070 1094 seutleus,
1088 1032 1161 1095 plene

91 1100 254 1164 persuasorie
265 1099 366 1149 summi
376 1102 431 1161 eius
443 1101 797 1164 veracitato,omnlputentlt,
811 1105 994 1161 demortuos
1006 1101 1161 1161 visitemus

92 1183 148 1232 spru
162 1181 217 1229 non
229 1173 305 1229 sunt,
314 1173 424 1220 rorante
434 1172 459 1219 et
473 1173 593 1230 creante,
605 1175 655 1220 eto.

120 1239 174 1289 llic
188 1238 239 1289 tide
249 1239 353 1302 plerum
368 1238 442 1289 erede
458 1239 564 1290 tirmiter
576 1239 697 1291 articulos
708 1240 781 1302 tidel
794 1242 873 1290 etium
889 1200 1101 1303 naturaeoaptum
1115 1253 1161 1291 su·
1179 1281 1181 1287 ι

91 1312 220 1372 perantes

121 1378 176 1429 llio
189 1376 241 1427 tide
253 1376 359 1439 tirmus,
370 1379 399 1426 in
410 1359 598 1439 rebiumduis,
613 1379 640 1427 in
651 1376 787 1442 perieulis,
796 1382 845 1428 eto.
859 1379 887 1428 tu
900 1392 978 1442 spero,
989 1383 1160 1442 contraspem,

93 1446 177 1498 eredo.

121 1517 176 1566 lide
192 1515 242 1565 tide
260 1516 408 1576 roboratus,
419 1512 529 1567 risibilia
548 1519 573 1565 et
586 1515 712 1567 sensibilia
733 1529 837 1580 spemu;
830 1518 881 1568 nd
899 1520 1007 1578 aternu,
1026 1516 1161 1574 invisibilia

92 1586 182 1646 tende,
195 1587 288 1647 aspira,
303 1584 411 1646 anhela,
424 1589 448 1635 et
466 1586 493 1634 ln
506 1581 550 1636 Dei
564 1585 634 1635 oriltu
646 1590 698 1647 sta,
714 1589 747 1647 et,
759 1586 882 1649 quidquid
892 1588 1007 1648 residat,
1020 1599 1161 1650 persevera.

122 1657 232 1708 Tnario.
244 1655 282 1705 Ex
289 1654 378 1705 eodem
392 1657 474 1718 cupite
486 1655 555 1707 disee
566 1656 695 1718 quoduam
714 1659 748 1708 slt
761 1660 921 1722 praecipuum
937 1657 996 1708 ildei
1012 1661 1104 1708 nostrae
1116 1657 1161 1706 ob-

91 1727 199 1786 rectum.

122 1793 253 1844 Abraham
267 1794 371 1844 eredidit
385 1794 414 1843 in
430 1794 510 1843 Deum
531 1795 576 1857 poi
592 1794 706 1859 otos'ptont
718 1787 917 1858 montemalo„
932 1809 979 1846 nos
996 1794 1122 1847 eredimus
1134 1795 1162 1844 in

93 1864 183 1922 Deum,
195 1863 240 1925 qur
250 1865 380 1913 suscitavit
388 1863 663 1912 dmortuirliomiuum
672 1869 786 1913 nostrum
794 1866 879 1914 lesum
890 1865 1025 1916 Cluuium.
1033 1879 1060 1914 ιι.
1073 1866 1112 1925 ii,
1121 1865 1160 1913 25.

112 1934 189 1985 -llors
203 1935 289 1993 itaque
300 1937 325 1981 et
336 1933 495 1982 Resurrectio
508 1932 617 1992 Christi,
630 1932 680 1981 duo
696 1936 823 1995 praeolpna
839 1937 899 1984 sunt
915 1934 973 1984 ttdol
984 1937 1076 1984 nostre
1091 1945 1161 1995 mys-

93 2005 176 2064 teria,
189 2005 258 2052 cirea
274 2015 330 2063 qun
344 2002 524 2064 frequentiores
534 2004 549 2051 i
559 2003 632 2051 nobis
645 2002 777 2053 exercendi
791 2008 851 2053 suut
862 2009 936 2055 uetus
946 2004 1014 2054 fidel.

122 2074 234 2124 Moriens
247 2073 364 2122 Christus
374 2075 478 2122 victima
488 2073 536 2123 luit
548 2074 707 2134 expiationis.

123 2143 269 2205 Resurgens
284 2142 400 2191 Christus
412 2145 517 2192 victima
526 2142 575 2191 luit
586 2143 805 2194 sanctificationis.
818 2144 847 2193 ln
861 2155 937 2195 oruoo
948 2145 1069 2203 morlens,
1081 2146 1162 2192 morte

95 2213 156 2274 snt,
171 2215 287 2262 nostram
303 2209 426 2261 destruxit
438 2216 563 2272 mortem;
575 2213 601 2260 iu
615 2214 799 2262 resurrootloue
812 2211 859 2262 sud
871 2214 951 2262 vitam
961 2210 1034 2265 nobis
1047 2224 1163 2262 eommu-

95 2286 208 2334 uioavit
200 2288 311 2346 ,typum
327 2286 352 2331 et
365 2282 492 2345 exemplar
505 2296 577 2333 novae
589 2285 648 2332 vitae
662 2282 739 2332 dedit.

123 2354 310 2414 curistusergo
327 2352 470 2414 frequenter
481 2352 639 2412 adorandus,
653 2355 694 2401 et
698 2354 809 2402 moriens
827 2356 853 2402 ot
862 2362 1011 2415 resurgens
1005 2343 1074 2404 fido
1085 2353 1161 2414 vira,

94 2425 184 2474 mortis
195 2423 266 2475 illius
277 2423 398 2481 effectus,
412 2425 576 2484 peecatorum
586 2425 731 2473 nostrorum
743 2423 858 2472 remissio
867 2422 989 2485 petendu,
998 2426 1024 2473 et
1034 2435 1162 2473 resurree-

93 2495 171 2544 tiouis
185 2495 267 2554 gratia
278 2496 303 2542 et
317 2494 398 2543 virtus
412 2491 563 2542 invocanda.

122 2563 222 2612 Christe
233 2563 345 2612 moriens
354 2565 379 2611 et
391 2574 436 2624 pro
449 2573 490 2610 me
501 2563 621 2621 morlens,
632 2563 666 2611 sis
677 2563 839 2624 peecatorum
848 2573 964 2611 meorum
973 2573 1057 2613 mors·
1064 2560 1162 2611 Gltrlste

94 2643 242 2694 resurgens,
255 2634 290 2681 sis
308 2632 400 2680 animae
418 2630 575 2692 mensulas,
591 2633 828 2692 vita,resurrectio.

124 2701 173 2751 Sed
184 2696 255 2752 olroa
264 2700 313 2751 hoo
323 2699 381 2749 tldel
392 2702 485 2749 nostrae
497 2699 639 2761 objectum,
651 2702 709 2748 notu
722 2698 790 2761 quod
804 2701 891 2748 nostra
901 2697 963 2749 tides
976 2700 1076 2760 superet
1087 2697 1162 2777 Abru-

95 2771 133 2822 lin
145 2771 237 2822 tidem.

123 2840 240 2892 Credidit
251 2838 404 2890 Abraham
396 2853 424 2888 ιιι
434 2838 514 2888 Deum
527 2840 571 2899 qul
587 2840 693 2888 suscitat
703 2841 829 2900 mortuos,
843 2841 869 2888 et
877 2839 921 2900 qul
933 2835 988 2887 ideo
999 2840 1096 2901 poterat
1107 2849 1162 2889 om-

96 2910 237 2974 nipotentld
250 2911 311 2970 sud,
326 2909 472 2971 corporibus
490 2909 562 2970 quasi
576 2910 698 2957 emortuis
713 2907 818 2957 Abrahae
832 2912 857 2957 et
867 2908 935 2969 Suras
944 2942 953 2969 ,
963 2906 1025 2959 durs
1041 2909 1162 2973 virtutem

96 2978 232 3042 generandi
243 2978 378 3033 sobolem·
391 2990 495 3041 corpora
509 2981 595 3027 autom
607 2976 713 3026 Adraha
729 2989 742 3025 e
743 2976 831 3039 tSarae
842 2989 893 3026 non
905 2974 1043 3027 enatuere
1052 2979 1161 3035 mortua,

97 3048 256 3099 sedtaritdm
267 3047 383 3110 figurati.

123 3120 175 3170 ilos
189 3116 253 3171 rard
265 3116 432 3169 oredimusln
449 3116 529 3166 Deum
540 3115 699 3178 ,quiiesum
713 3113 841 3165 Christum
852 3111 910 3162 vere
921 3117 1067 3176 mortuum
1078 3113 1162 3164 reret

98 3191 204 3240 mortuis
218 3182 365 3248 suseitarlt,
382 3200 514 3248 nunqnam
533 3188 695 3235 moriturum.
707 3184 787 3245 llajus
804 3197 861 3246 ergo
874 3183 1162 3246 quidorodtniusquim

99 3259 163 3322 quod
178 3257 309 3309 Abraham
325 3257 440 3307 eredidit.

101 3328 197 3448 etlidda
209 3325 279 3390 quod
290 3327 418 3376 oredimus
426 3329 546 3388 praterea
558 3325 644 3374 iesum
656 3337 701 3386 pro
716 3325 826 3387 peooatIs
842 3324 934 3373 uostris
946 3322 1004 3373 vere
1015 3327 1162 3382 mortuum,

101 3399 240 3464 etprroptor
252 3395 463 3457 justificationem
480 3399 592 3444 nostram
610 3396 787 3443 suscitatum.
800 3395 843 3455 qul
857 3393 907 3442 duo
923 3395 982 3442 sunt
1002 3393 1045 3442 alil
1061 3391 1162 3443 articuli

102 3466 247 3517 naturaliter
262 3462 548 3526 incomprehensibilem
568 3465 593 3512 et
611 3461 642 3512 ob
658 3474 721 3524 quos
743 3462 804 3514 tides
818 3466 903 3513 nostra
914 3473 1002 3513 rursus
1012 3463 1093 3524 mator
1109 3464 1161 3520 ost,

102 3537 179 3600 quoad
191 3536 336 3618 objectum,
345 3534 394 3584 tide
405 3533 519 3584 Abrahae.

128 3607 177 3660 Neo
188 3607 237 3656 hoe
246 3606 344 3654 mirum
358 3607 408 3664 est,
424 3605 445 3652 si
457 3615 502 3664 pro
515 3601 590 3651 modo
601 3601 777 3662 revelationis,
794 3603 900 3651 creverit
914 3605 939 3652 et
953 3600 1023 3651 tides.

130 3676 176 3726 Sed
193 3677 258 3726 bene
270 3678 331 3723 nota
343 3671 411 3735 quod
422 3684 467 3734 pro
478 3671 552 3721 modo
563 3670 620 3721 ildei
634 3674 713 3722 erevit
726 3674 750 3720 et
762 3671 877 3734 obligatio
890 3674 948 3721 vilar
959 3670 1107 3731 sanctioris3
1119 3670 1162 3720 ubi

106 3748 168 3795 euim
178 3746 243 3796 Deus
259 3743 319 3807 plns
334 3741 458 3802 eontulit,
474 3740 531 3804 plus
547 3744 571 3789 et
584 3742 667 3802 erigit.

131 3815 192 3866 lllno
212 3813 356 3865 Christiani
372 3810 463 3860 debent
485 3810 670 3872 antiquioribus
687 3809 815 3872 fidelibus,
838 3811 914 3861 etlam
929 3809 990 3871 lpsls
1011 3805 1163 3856 Patrtarolrir

108 3892 154 3935 tuse
167 3886 325 3944 sauotiores,
335 3881 423 3946 utpote
434 3877 571 3943 majoribus
581 3876 654 3928 donis
666 3881 795 3942 preventi
