2520 4440
310 253 484 308 ritininx
502 255 728 310 nitrosirio.
748 258 829 312 cii.
849 260 884 313 X.
1075 262 1123 315 361

97 347 144 399 ia.
159 344 232 409 Quid
246 359 314 415 ergo
330 349 415 404 dico?
429 349 508 418 quod
560 336 613 410 in,
628 354 778 413 propterea,
795 352 853 404 dico
873 351 983 413 idolum,
994 357 1039 404 aui
1049 354 1125 405 idolo

61 421 373 478 idolisimmoiatnmsit
381 427 508 495 aliquid?
529 418 631 483 thitssm
644 420 740 484 aliquid
753 425 826 473 ⁰⁸⁸0?
836 423 952 474 minime.

61 505 111 552 aut
123 498 201 566 quod
212 499 319 554 idolum
330 503 366 555 sii
379 504 507 571 aliquid?

95 576 509 668 noscequeinmoumeen·
559 594 693 657 311111,
712 595 957 660 semianimum
976 598 1043 660 quon
1059 596 1128 649 cen·

63 661 124 718 tes,
138 652 285 708 daemonas
303 657 460 723 immolant,
479 664 507 712 et
528 665 1127 728 tiiesimmolantdnmouiisimmoiaut,etnou

61 748 122 789 non
133 737 213 792 ,lieo
528 735 599 785 lieo:
625 738 650 784 ct
674 734 731 784 ideo
753 736 798 797 qui
820 734 959 797 idolothyta
977 736 1127 798 comedunt,

60 811 131 864 isoio
148 817 244 864 autem
259 825 312 867 vos
333 813 427 868 500102
446 813 506 868 fleri
528 805 719 854 communicant
730 816 791 854 cum
805 803 955 854 demoniis:
969 804 1127 856 lloioautem

60 888 290 944 (amarorum,
527 884 572 921 vos
583 871 962 923 Christianosiieridaemonum
974 877 1127 937 socios‚per

136 948 140 954 ’
528 942 708 991 comestionem
719 941 1069 993 carniumiilisoblainrnmz

59 1012 122 1064 lion
138 1011 255 1078 potestis
267 1013 382 1067 calicem
395 1016 505 1070 pomini
557 1009 612 1058 iiou
629 1011 732 1072 potestis
747 1009 851 1059 calicem
870 1011 977 1060 llomino
995 1023 1128 1061 consecra·

58 1087 159 1142 bibere
165 1127 175 1154 ‚
183 1093 212 1142 et
223 1089 337 1143 calicem
349 1091 505 1146 daemomo-
527 1083 584 1128 tum
594 1079 689 1140 bibere,
697 1084 723 1130 ct
734 1081 825 1130 vinum
836 1079 967 1130 demoniis
978 1079 1094 1130 libatum.

60 1178 223 1297 rlydden
251 1245 369 1311 potestis
400 1260 505 1300 mensae
556 1245 611 1295 Non
631 1247 734 1308 potestis
752 1244 839 1294 altaris
858 1244 974 1304 Domini,
996 1247 1021 1295 et
1037 1242 1124 1294 altaris

58 1320 172 1377 liomini
196 1322 346 1390 participes
373 1337 451 1390 esse,
477 1330 505 1378 es
527 1313 710 1364 demoniorum
727 1324 781 1364 esse
796 1314 940 1376 participes.

58 1397 393 1455 menstedaemoniorum.

59 1602 191 1666 uminis
205 1602 298 1654 christi
317 1616 364 1666 pro
380 1602 453 1653 nobis
464 1602 538 1654 edusi
551 1606 737 1656 consummatio
755 1607 831 1654 estet
849 1602 985 1667 applicatio
1005 1603 1121 1655 sacridcii

57 1675 85 1722 iu
103 1685 182 1724 cruce
193 1674 300 1737 peracti.

86 1740 221 1801 1111111111,
235 1741 322 1804 Agnus
333 1741 395 1801 iici,
407 1743 434 1792 in
451 1753 526 1791 eruce
537 1755 583 1804 pro
594 1742 667 1792 nobis
679 1742 799 1793 omnibus
810 1743 957 1793 immolatus
967 1747 1014 1792 est.

86 1811 264 1863 Sacratissima
275 1814 362 1862 autem
372 1811 548 1870 Eucherium,
562 1811 641 1872 huius
653 1811 716 1873 agni
728 1814 865 1872 comestio,
883 1811 988 1874 singulis
999 1811 1121 1862 Christic-
1159 1812 1161 1816 '

56 1882 99 1930 nis
109 1879 256 1943 applicatio,
268 1881 440 1944 participatio,
454 1882 652 1930 communicatio
664 1884 702 1930 est
713 1883 825 1943 corporis
837 1893 882 1943 pro
898 1881 970 1930 nobis
981 1880 1120 1942 immolati,

57 1955 83 2000 ei
97 1951 231 2012 sanguinis
246 1961 292 2012 pro
307 1948 381 1999 nobis
395 1949 479 1999 eilusi.

86 2020 205 2071 Christus
222 2020 250 2070 lu
264 2031 339 2069 cruce
351 2020 408 2069 ions
425 2021 464 2069 est
478 2019 619 2075 immensus
630 2023 655 2068 et
666 2017 831 2069 inexhaustus
849 2020 998 2069 meritorum
1019 2021 1045 2068 ct
1062 2030 1120 2080 grc-

57 2092 254 2210 staffilmm
270 2155 450 2216 Eucharistia,
470 2155 606 2206 salvatoris
628 2158 763 2216 comestio,
782 2155 831 2206 iioc
848 2158 997 2207 meritorum
1017 2155 1119 2220 pelagus

57 2228 169 2293 applicat
181 2227 320 2288 unicuique
330 2223 414 2286 fideii,
430 2229 456 2274 et
472 2224 608 2287 applicabit
618 2236 699 2286 usque
715 2224 747 2274 ed
765 2223 843 2274 linem
855 2225 945 2275 mundi
955 2244 964 2287 ;
975 2237 1021 2288 pro
1033 2229 1122 2276 unius--

57 2302 182 2361 cuiusque
192 2296 277 2347 modo.

86 2370 161 2421 Sicut
170 2366 239 2431 apud
251 2365 367 2427 ludens,
380 2365 432 2416 irnd
443 2369 468 2416 et
478 2365 546 2428 apud
557 2363 694 2427 illuuiem,
711 2368 874 2419 victimarum
888 2368 1008 2419 comestio
1020 2371 1046 2418 et
1058 2381 1120 2418 cou-

57 2440 187 2502 sumptio,
200 2440 254 2486 ernt
263 2435 379 2485 eacrlilcii
390 2436 485 2498 peracti
494 2435 654 2498 participatio
669 2439 694 2484 et
705 2438 904 2498 consummatl03

79 2509 130 2563 ,Sic
148 2506 217 2570 apud
232 2517 279 2555 nos
291 2506 456 2555 sanctissime
467 2504 632 2554 Eucharistie
642 2507 785 2568 perceptio,
796 2505 889 2555 christi
903 2505 1015 2557 cruciilsi
1031 2507 1116 2558 Salva·
1155 2492 1169 2513 ⁵

58 2582 120 2630 toris
132 2576 273 2636 comestio,
286 2577 324 2625 cst
341 2573 459 2637 sacriticii
478 2575 507 2624 in
520 2585 596 2624 cruce
609 2585 655 2636 pro
669 2575 741 2624 nobis
753 2577 848 2638 peracti
860 2579 1074 2638 communicatio,
1093 2582 1118 2626 ct

56 2659 103 2712 pro
116 2642 224 2707 siugulis
236 2644 431 2693 consummatio.
661 2679 669 2693 ,

86 2718 175 2779 ltaque
186 2713 220 2764 ad
233 2715 418 2763 sanctissimam
430 2711 616 2762 Eucharistlam
627 2711 768 2773 accedeus,
784 2712 913 2763 Christum
925 2716 951 2763 in
963 2726 1039 2764 cruce
1049 2726 1115 2763 mor·

55 2794 132 2840 tnum
148 2787 243 2848 cogita,
259 2795 368 2844 eumque
383 2787 411 2830 tn
426 2782 472 2832 tibi
485 2795 530 2845 pro
543 2787 569 2831 te
584 2786 717 2833 morinum
726 2783 826 2846 applica
836 2821 843 2841 ,
853 2785 925 2842 Juxta
936 2784 1035 2832 iiomini
1050 2797 1115 2847 prae-

56 2860 170 2921 oeptnm.
184 2855 243 2904 lice
259 2852 449 2915 quotiescunque
464 2850 585 2916 feceritis,
601 2855 651 2901 etc.
665 2851 726 2902 Vide
742 2850 815 2915 plura
831 2854 858 2901 iu
873 2850 1004 2901 corollario
1016 2854 1116 2916 pietatis

55 2930 84 2979 ln
98 2926 161 2977 ilnc.

86 3018 128 3066 it.
148 3012 214 3073 Quid
228 3023 287 3073 erpo
303 3009 398 3060 dien...
450 3052 453 3059 .
1167 3063 1172 3072 ·

86 3083 181 3144 objicit
196 3080 345 3141 sibimetipsi
359 3097 366 3128 ε
382 3078 421 3128 An
434 3083 565 3142 propterea
577 3079 648 3140 dico,
659 3080 747 3130 contra
758 3078 783 3130 id
794 3079 862 3140 qrrod
877 3092 901 3129 c.
917 3083 950 3141 8,
964 3095 991 3131 u.
1004 3083 1036 3144 i,
1048 3082 1113 3145 dixi,

54 3152 170 3211 idolum,
184 3153 229 3199 aut
243 3147 405 3198 immolatum
421 3147 503 3210 idolo,
517 3148 699 3210 clunicense?
713 3147 825 3198 lliuimc.

85 3243 127 3291 20.
143 3238 192 3287 Sed
204 3249 260 3299 quie
274 3234 407 3298 immolent
420 3242 530 3298 pentes..
542 3235 590 3284 Sed
601 3235 657 3285 dico
669 3234 734 3296 quod
750 3234 812 3284 illud
823 3235 889 3298 quod
901 3235 1011 3288 Gentiles
1021 3239 1114 3291 immo·

54 3308 127 3367 lant,
143 3318 197 3355 nou
211 3302 272 3354 vero
290 3302 354 3362 iieo,
369 3302 414 3352 sed
429 3303 559 3352 demoniis
571 3302 722 3352 immolant:
740 3307 765 3353 et
780 3308 909 3366 propterea
919 3307 963 3367 qui
976 3305 1114 3358 Gentilium

53 3375 189 3429 morillclts
204 3373 374 3436 participant,
392 3372 424 3421 de
443 3370 590 3435 idolothytis
610 3371 787 3433 comedentes,
805 3385 866 3422 eum
880 3373 1009 3426 demoniis
1020 3376 1114 3428 habent

52 3444 324 3497 communicationem.

83 3520 151 3571 Nolo
161 3523 246 3568 autem
257 3528 302 3565 vos
312 3513 467 3566 Christianos
479 3514 537 3578 pert
552 3514 731 3565 comunem
741 3514 820 3565 coctos
837 3527 882 3578 per
895 3519 1112 3581 participationem

52 3589 175 3640 carnium
187 3584 238 3635 iilis
251 3581 401 3633 oblatarum.

84 3674 127 3722 21.
143 3671 198 3720 Noa
211 3667 312 3729 potestte
326 3666 427 3715 calicem
440 3665 542 3716 Domini
561 3664 652 3717 bione.
663 3665 691 3715 11
702 3668 740 3715 cst
750 3702 757 3727 ,
769 3679 821 3717 nou
837 3671 939 3732 potestis
949 3669 1053 3719 calicem
1065 3671 1112 3721 lio-

52 3743 127 3791 mino
144 3735 314 3788 sucriilcatum
332 3734 434 3795 bibere,
448 3741 473 3783 et
488 3733 593 3784 calicem
608 3734 739 3784 daemoniis
757 3735 885 3799 oblatum,
903 3750 946 3786 seu
964 3739 1052 3788 vinum
1064 3739 1113 3790 diis

52 3811 255 3952 libssqtffimmss
265 3899 367 3944 morso,
381 3897 425 3936 seu
436 3883 523 3935 altaris
534 3883 634 3934 llomim
649 3883 783 3947 participer
793 3899 860 3944 esee,
872 3893 893 3936 et
904 3900 1007 3947 menen,
1016 3899 1059 3939 seu
1072 3889 1111 3938 al·

53 3965 119 4013 inuis
135 3957 324 4010 danmoniorum.
529 3958 532 3963 '

190 4038 212 4080 i.
943 4034 973 4083 te
