2520 4440
117 210 168 261 599.
304 212 437 262 PRlllAE
456 214 658 265 EPISTOLAE
678 215 726 265 ΑΙ)
745 214 986 268 CORINTHIOS

115 310 181 359 idem
192 313 277 425 austum
289 311 395 374 Spiritus
407 312 527 374 Sanctus,
540 316 656 364 omnium
667 314 711 364 do-
735 325 796 361 rum
807 316 886 373 sunt,
898 308 974 362 idem
986 314 1079 361 autem
1090 309 1167 375 Spiri-

114 390 206 426 norum
229 391 282 427 ons.
736 396 779 441 [us
796 405 803 441 ς

144 465 176 514 Et
188 468 385 516 ministeriorum
397 468 545 518 differentiae
556 471 710 520 suat:idem
768 468 794 517 5.
808 468 841 517 Et
860 464 1013 517 divisIones
1036 464 1167 516 ministra-

114 539 200 584 autem
212 534 617 598 Dominusaquodispensantur.
734 545 840 596 tionum
868 548 952 608 sunt3
977 543 1053 595 idem
1083 548 1166 595 autem

142 693 174 741 Et
197 693 342 743 divinarum
366 696 539 755 operationum
563 677 710 745 diiierentlae
733 626 850 751 1)ΟέΈῖ
854 636 1017 754 sitivisiones
1038 700 1164 767 operatio

112 766 187 821 sunt,
207 775 251 810 seu
272 764 375 811 divorsae
389 767 449 810 sant
466 762 598 811 facultates
612 764 709 814 diversa
733 794 799 831 „um
811 786 895 844 sum3

112 832 235 880 miracula
248 832 362 893 patrandi
380 850 387 880 r

111 977 182 1036 quasi
199 975 311 1024 medicus
325 975 422 1024 aceedit
438 976 470 1024 ad
490 976 615 1024 sanandas
630 975 774 1037 spirituales
789 975 981 1026 Corinthiorum
999 979 1163 1040 aegrltadinet,

112 1047 178 1093 eirca
190 1044 243 1092 herc
257 1045 396 1104 spiritualia
413 1044 495 1106 dona,
508 1057 645 1105 eorumque
659 1057 744 1094 usum.

141 1119 209 1166 Nora
226 1131 258 1166 nn
275 1132 539 1168 rusurriannrrau.-
553 1119 638 1180 ltaque
655 1122 715 1168 nota
734 1118 801 1180 qudd
822 1120 891 1182 apud
910 1119 1072 1183 Corinthios,
1090 1123 1162 1173 adhue

112 1186 279 1250 imperfactos,
290 1193 313 1235 et
322 1189 347 1236 in
360 1187 409 1236 tide
420 1187 542 1247 infirmos,
553 1186 704 1236 charismata
715 1191 787 1245 erant
797 1190 897 1239 occasio
907 1191 1049 1254 superbiae,
1059 1193 1161 1252 invidia,

113 1257 215 1306 dissidii.

140 1327 187 1387 Qui
202 1330 270 1376 enim
286 1332 381 1388 majora
392 1329 458 1378 dona
469 1330 648 1390 perceperant,
660 1327 780 1376 adversus
795 1324 859 1375 alios
873 1328 1054 1381 efferebantur.

107 1413 110 1428 ·
140 1397 285 1457 Quinctia,
298 1398 564 1448 autminoratantdm
580 1397 719 1458 habehant,
736 1396 856 1454 adversis
870 1411 912 1447 cos
928 1401 971 1460 qui
990 1402 1087 1462 majora
1101 1413 1159 1451 reae

112 1473 214 1532 parant,
232 1469 352 1517 ardebant
365 1469 467 1517 iuridici.

137 1537 250 1596 hincque
265 1538 296 1586 ob
307 1538 414 1599 Spiritus
428 1538 513 1586 Sancti
526 1535 591 1585 dena
605 1534 758 1586 dissidebant
767 1534 880 1598 plerique
890 1537 1091 1590 Corinthiorum.

138 1606 170 1654 Et
183 1609 209 1654 iu
223 1607 261 1655 his
273 1620 360 1657 eorum
372 1610 440 1656 vitiis
449 1605 584 1665 sanandis,
600 1608 780 1666 contrariisque
794 1607 831 1654 eis
841 1608 980 1658 vittatihus
995 1611 1155 1670 insinuandis,

112 1679 177 1723 totus
189 1680 225 1723 cst
236 1675 367 1736 Apostolus
384 1678 409 1724 in
425 1677 472 1724 hoc
486 1676 584 1736 eapite,
597 1673 622 1721 id
636 1679 689 1735 est,

139 1745 214 1793 Totus
226 1747 252 1793 ln
269 1745 424 1794 retundenda
445 1747 559 1806 priorum
575 1744 704 1804 superbia3

138 1814 214 1863 Tonas
227 1818 253 1863 in
268 1814 446 1874 exstinguenda
458 1814 565 1862 aliorum
580 1813 691 1873 invidia3

94 1876 96 1882 ’
137 1881 250 1931 Teleste
268 1883 412 1944 inspiranda
426 1882 543 1930 omnihus
558 1880 676 1929 Ecclesia
692 1880 859 1933 Gorlnthiacac
871 1884 988 1935 fidelihus
998 1924 1005 1947 ,
1016 1887 1086 1937 velut
1100 1892 1154 1950 ejus-

107 1951 165 2000 dem
189 1954 299 2013 corporis
322 1953 454 2012 mernlrris,
473 1963 552 2013 paee,
574 1950 725 2012 concordld,
743 1957 833 2001 mutuo
854 1967 954 2017 amere,
972 1960 998 2005 et
1017 1959 1100 2008 studio
1116 1959 1153 2008 sihi

108 2024 216 2070 invicem
231 2022 392 2071 inserviendi.

136 2091 206 2151 Quod
219 2091 305 2140 sedulii
321 2090 476 2151 notandum,
491 2094 515 2140 et
531 2103 582 2154 prae
598 2090 677 2141 oeulis
692 2090 791 2141 assldurl
804 2091 967 2157 habendum,
984 2097 1017 2145 ad
1031 2099 1154 2159 perfectam

106 2161 188 2209 textus
205 2160 405 2220 intelligentiam.

136 2229 200 2278 Eece
212 2228 278 2290 quod
290 2233 384 2290 spectat
398 2227 430 2276 ad
442 2226 553 2290 Apostoli
568 2232 679 2279 mentem
689 2249 696 2291 3
706 2244 776 2280 nuuc
792 2231 824 2282 ad
838 2233 924 2282 veiha.

135 2304 273 2352 divisiones
283 2303 436 2364 pretiorum.
448 2301 490 2351 Gr.
504 2302 640 2354 discrimen
654 2305 854 2368 charismatum,
866 2319 910 2357 seu
925 2307 1052 2379 donorum
1070 2313 1152 2374 gratui-

105 2377 199 2422 tarum.
954 2414 957 2419 a
1091 2382 1093 2385 ’

135 2443 224 2502 idest,
240 2441 355 2503 equidem
371 2441 496 2493 (tonorum
510 2447 571 2492 sunt
582 2443 747 2506 differentia,
761 2445 865 2496 diversis
878 2447 977 2498 diversa
990 2449 1101 2512 dantum
1114 2450 1163 2500 hoa·

105 2513 164 2570 uni,
177 2511 239 2560 illutl
253 2513 341 2571 alteri,
358 2518 405 2561 etc.
865 2521 867 2524 ‘

134 2588 202 2636 idern
220 2595 303 2636 catera
321 2589 446 2650 Spiritus,
461 2587 556 2638 scilicet
567 2588 675 2650 Spiritus
687 2589 811 2650 Sanctus,
822 2593 867 2652 qui
880 2594 997 2641 omnium
1009 2593 1108 2644 illorum
1119 2595 1154 2644 do·

104 2670 195 2705 norum
210 2657 265 2706 lons
279 2661 325 2706 est.
660 2695 664 2700 -

133 2727 207 2787 Quasi
221 2728 314 2776 diceret
327 2745 333 2774 ι
346 2726 505 2776 Multitudine
520 2728 621 2788 quidem
640 2733 665 2779 et
682 2732 803 2779 varietata
822 2729 960 2795 differunt,
972 2748 1027 2785 non
1045 2741 1153 2796 arcton,

103 2799 146 2857 qni
165 2812 231 2846 uaris
242 2804 266 2846 et
278 2798 344 2846 idem
359 2804 395 2846 est
407 2798 514 2858 Spiritus
526 2798 642 2848 Sanetus.

133 2867 168 2914 Ne
179 2870 211 2915 sit
222 2881 279 2928 ergo
289 2869 353 2915 inter
363 2880 406 2915 ros
416 2866 505 2915 ervisio
517 2867 548 2915 oh
559 2880 587 2916 ea
598 2881 654 2929 quae
665 2869 697 2918 ah
709 2870 805 2919 unitate
814 2874 934 2930 manant,
944 2876 969 2922 et
977 2886 1036 2936 quae
1046 2875 1061 2925 a
1071 2877 1154 2940 Spiritu

103 2936 207 2996 Sancto,
221 2939 290 2998 pacis
308 2941 427 2996 auctore,
442 2937 590 2998 procedunt.

130 3005 250 3055 Praeterea
262 3009 347 3067 gratia
362 3013 421 3056 sunt
431 3044 438 3066 ,
450 3006 477 3055 id
489 3011 541 3066 est,
556 3008 621 3057 dona
633 3010 742 3070 gratuita
753 3046 760 3068 ,
773 3011 871 3059 nemini
883 3009 986 3072 debita;
1003 3015 1093 3076 utquid
1105 3027 1154 3076 erge

102 3089 131 3124 ea
143 3076 213 3123 aliter
226 3076 297 3124 alteri
309 3077 438 3125 invideat?
450 3089 495 3125 cur
507 3078 538 3126 ob
550 3090 579 3126 ea
591 3080 648 3139 quis
661 3084 767 3140 angatur
780 3081 887 3129 animo?
898 3081 930 3129 ab
942 3084 1065 3134 omnihus
1079 3088 1155 3147 gratia

101 3149 161 3194 suut
178 3144 312 3204 lraltendae;
322 3147 418 3194 nemini
432 3144 581 3207 dolendum,
595 3158 624 3195 ex
633 3147 662 3195 ll.
673 3147 860 3209 chrysostomo.

39 3262 40 3266 ,
132 3220 155 3266 5.
166 3221 197 3266 Et
208 3219 338 3266 diasirioaor
352 3220 564 3268 mirristretiooune
567 3255 614 3270 .....
625 3221 667 3270 Gr.
677 3221 823 3270 discrimina
839 3223 1060 3289 ministeriorum
1073 3230 1154 3287 idest,

101 3290 170 3336 verriu
185 3289 286 3348 quidem
306 3290 333 3337 in
354 3290 466 3339 Ecclesia
485 3291 618 3341 distributa
639 3295 699 3341 sunt
716 3293 874 3353 ministeria,
890 3307 915 3343 v.
936 3307 971 3356 g„
988 3296 1153 3361 apostolatus.

100 3357 279 3418 Episcopatus,
293 3358 496 3419 Presbyteratus,
507 3360 658 3409 Diaconatus
669 3398 675 3419 ,
689 3364 737 3408 etc.

130 3432 198 3480 idern
210 3439 293 3480 autem
308 3433 443 3490 Dorainus,
455 3434 552 3484 scilicet
565 3435 637 3484 lesus
648 3434 777 3493 Christus,
787 3434 905 3486 Ecclesia
916 3437 1001 3500 Caput
1011 3478 1018 3501 ,
1029 3441 1153 3506 Princeps.

100 3505 124 3550 et
135 3501 269 3561 Dominus,
281 3502 327 3549 suh
337 3513 386 3560 quo
396 3515 484 3551 ornnes
496 3504 532 3552 illl
544 3506 606 3553 varii
617 3505 722 3554 llinistri
737 3503 848 3555 militant
862 3511 887 3556 et
896 3507 948 3558 Deo
962 3514 1081 3562 seruiunt
1094 3532 1101 3564 r
1113 3512 1154 3562 etit

99 3583 148 3631 quo
159 3571 212 3619 heac
224 3572 309 3618 omnia
321 3572 459 3620 ministeria
472 3573 646 3624 conteruntur.

128 3639 272 3687 [illicientia
285 3641 360 3699 igitur
374 3641 401 3686 in
411 3642 568 3701 ministerio,
580 3656 630 3690 non
643 3645 669 3691 in
681 3643 797 3692 homino.

129 3707 205 3756 Porro
225 3708 327 3756 attende
350 3707 383 3756 ad
402 3709 478 3759 verba
497 3711 718 3769 ministrationem,
736 3723 780 3760 seu
802 3713 989 3778 ministerium,
1008 3720 1154 3773 laboremet

99 3775 216 3824 sudorem
232 3776 346 3824 indicant
360 3794 366 3823 :
382 3777 443 3836 quid
459 3790 515 3838 ergo
536 3779 619 3839 doles,
636 3782 658 3828 si
673 3780 781 3830 alterurn
801 3781 877 3840 iussit
894 3785 956 3847 plus
968 3789 1105 3854 laborare,
1117 3790 1154 3841 cat

98 3856 218 3905 parcens,
231 3846 266 3892 ait
280 3844 308 3892 ll.
325 3844 539 3905 chrysostomus?

129 3922 154 3968 ti.
165 3920 196 3968 Et
210 3919 341 3970 sicciora
352 3922 534 3987 operationem.
550 3921 592 3972 Gr.
609 3922 766 3995 turp-sipara,
779 3925 1095 4000 snpereminentem
1107 3938 1153 4007 Sp·
