2520 4440
100 246 153 299 888
291 245 424 299 PRIHAE
442 247 643 301 EPISTOLAE
661 246 711 298 iu
728 238 975 297 CORINTHIOS

129 336 200 399 Quod
213 339 303 400 siquis
316 341 428 400 esuriat,
440 351 488 388 nec
500 341 577 400 possit
593 340 696 399 jejunus
752 341 796 390 δι.
821 337 850 390 Si
875 335 941 402 quis
964 331 1065 406 esurit,
1084 327 1145 382 doni

97 409 258 467 exspectare,
272 405 341 456 domi
362 419 414 456 ιιι
436 405 569 466 comedat,
587 419 620 454 ne
636 416 697 453 con-
717 414 890 467 manducer:
904 399 1017 466 utnon
1039 410 1068 461 in
1084 407 1146 475 judi.

99 475 190 522 vontus
216 477 293 524 vestrl
321 477 453 524 vertuntur
481 475 509 524 in
538 475 696 524 occasionem
719 491 792 545 cium
801 489 989 543 conveniam

99 546 286 605 damnationis
298 545 330 594 ob
343 545 429 607 guium
440 544 637 605 ctebrictntem,
647 548 695 594 etc.

129 613 283 678 vocatoris,
302 616 465 677 ubincncro,
479 617 650 679 proscribam.
718 615 823 666 Caetera
841 617 955 674 autem,
970 607 1038 662 cum
1052 617 1145 668 venero,

720 689 879 756 disponam.

130 861 243 922 iiincquc
254 860 342 922 collige
354 864 450 922 nirenta
467 865 500 911 sit
512 860 634 911 Catholici
648 863 676 911 iu
691 874 737 910 sno
749 860 799 910 une
810 862 954 920 securitas,
967 873 995 908 ιι.
1009 859 1056 917 25,
1068 859 1093 905 in
1105 854 1148 904 tue

130 931 260 991 Quantus,
275 931 405 990 econtra,
419 934 490 981 omui
505 931 656 981 heterodoxo
674 931 763 981 debent
780 943 834 981 osse
852 937 972 988 tremor,
993 927 1095 977 ibidem.
1105 924 1150 974 viu

101 998 299 1048 obsernmionem
311 998 488 1061 dogmaticam.

128 1067 267 1117 Seno.-
278 1067 341 1117 Noto
360 1081 388 1117 ιι.
409 1070 440 1117 27
458 1070 542 1129 ιιιιι,
564 1071 659 1130 quanta
675 1069 709 1117 sit
724 1020 799 1117 ιιιιιι
813 1067 1010 1117 communionis
1024 1064 1149 1113 enormitas

130 1135 201 1186 Unde
216 1137 311 1184 oriatur
322 1135 377 1185 hec
390 1138 540 1196 enormitas,
556 1139 629 1197 juxta
641 1135 809 1197 Apostolum.i

130 1203 241 1267 Apostoli
259 1205 336 1254 verbo
348 1205 442 1256 realem
456 1205 549 1256 Christi
564 1207 725 1281 presentium
740 1205 768 1253 ln
781 1203 947 1253 Eucharistio
968 1200 1122 1252 confirmant

132 1271 197 1334 Quid
206 1273 350 1325 iaciendum
359 1274 392 1325 ad
400 1275 531 1327 vitandum
539 1275 606 1325 huuc
614 1275 688 1324 mciae
694 1273 885 1325 communionis
894 1273 1087 1331 enormitatem,
1093 1268 1148 1318 uit.
