2520 4440
157 244 195 297 os
454 250 657 334 EPlSlOLAE
677 250 725 303 Ab
742 248 927 305 bobinos

187 337 328 402 Namquod
342 339 383 392 lex
393 341 500 395 blosalca
511 348 628 406 prestare
645 357 697 394 non
713 356 756 406 po-
814 350 840 399 ὅ.
860 348 929 399 Nam
952 342 1032 412 quod
1049 341 1209 410 impossibiie

159 409 224 467 iult,
235 410 294 468 quie
306 409 406 460 infirma
414 414 483 472 crat,
494 425 545 461 non
557 415 646 462 tamin
660 415 754 475 seipsa,
778 422 912 489 eraylpgi,
922 421 952 473 in
962 434 1021 488 quo
1031 418 1211 472 infirmabatur

158 474 596 562 quampropteriniirmamcarnenr
609 481 755 542 hominurn,
777 513 827 566 pm.
863 512 1001 552 camemg
1023 500 1098 552 pens
1122 495 1210 548 Filium

157 543 201 603 qui
222 543 301 605 legem
320 544 432 606 alroqurn
448 551 563 596 sanctam
580 547 685 609 implere
704 561 754 597 non
778 592 860 631 suum
881 577 996 629 minens
1012 575 1043 627 in
1062 572 1211 627 similitudi.

156 612 756 745 maglanlssslirpcinbffinffirliegtttiltgrdfflffl
778 670 842 709 nem
849 648 1212 718 carnispefflfisetdepffl'

156 758 274 807 carnem,
286 749 357 796 carni
369 751 504 809 peccatrici
518 750 643 811 similem3
655 756 681 800 et
693 751 755 803 dum
778 739 840 787 ⁰²¹⁰
860 732 1005 785 dammim
1024 734 1171 797 limium
1187 740 1211 780 ¹¹¹

156 826 201 877 per
213 815 281 866 bunc
299 829 401 866 carnem
417 818 432 865 i
448 818 510 867 Filio
527 832 573 869 suo
586 826 754 883 assumptam,
778 822 880 875 carnes

156 886 183 932 et
194 885 267 945 quasi
281 887 449 947 peccatricem
461 888 488 934 in
503 899 579 936 eruce
592 900 754 949 suspensam,

156 955 305 1013 peccatum,
323 965 367 1001 seu
380 952 493 1003 tomitem
505 957 615 1017 peccati,
625 955 755 1007 damnavit

156 1018 188 1067 de
197 1023 300 1081 peccato
311 1021 410 1083 proprie
421 1020 502 1082 dicto,
515 1034 594 1084 eoque
605 1023 754 1086 multiplici,

156 1091 182 1137 et
195 1091 279 1152 ipsum
289 1092 361 1152 quasi
374 1091 476 1141 sceleris
487 1104 560 1142 reum
573 1093 707 1142 interfecit.

155 1286 185 1332 ut
200 1285 228 1333 iu
252 1283 302 1334 iilis
316 1289 403 1347 regnet
415 1324 421 1347 ,
433 1289 562 1348 passiones
580 1286 732 1350 subigend03
742 1287 809 1337 sicut
821 1286 863 1336 lex
879 1289 906 1336 in
925 1287 1043 1349 imperiis
1054 1288 1156 1348 regunt,
1166 1294 1211 1333 otu·

156 1353 247 1413 niaque
259 1354 286 1400 in
303 1366 348 1402 suo
364 1354 452 1402 ordine
465 1359 556 1405 serrat.

184 1421 250 1471 Cave
261 1425 346 1484 itaque
357 1435 391 1471 ne
403 1425 562 1484 passionibus
573 1424 728 1486 obediendo,
741 1427 859 1486 spiritum
867 1426 926 1474 vitae
937 1423 951 1473 d
962 1422 1042 1474 eorde
1051 1426 1097 1473 tun
1105 1416 1211 1483 apellae

156 1496 185 1540 ut
196 1495 221 1540 te
231 1504 320 1556 rursus
327 1493 539 1553 concupiscentia
552 1495 682 1555 tyrannidi
693 1495 835 1545 submittas.
849 1493 952 1543 Frustra
962 1488 1211 1543 cmisstauoneninc

154 1559 311 1620 gloriareris,
325 1559 419 1609 Christi
433 1560 555 1624 Spiritum
574 1575 626 1612 non
638 1562 743 1613 babens.
755 1561 869 1613 cunulis
880 1561 964 1623 iores,
978 1573 1033 1611 non
1044 1558 1210 1623 ehrusispns.

155 1631 321 1680 mutue

186 1716 210 1762 3.
223 1714 289 1765 ilem
308 1715 376 1774 quod
383 1719 439 1763 crat
446 1715 601 1776 impossibile
613 1714 663 1777 teor·
668 1753 675 1775 ,
684 1722 727 1765 etc.
739 1716 795 1778 syr.
809 1727 870 1764 nam
881 1713 942 1765 edm
952 1715 1084 1776 impotens
1099 1714 1163 1763 ene
1170 1709 1210 1767 lib

153 1785 254 1845 propter
268 1781 441 1831 lniirmitatem
452 1785 536 1832 cerub
547 1820 554 1843 ,
571 1784 641 1832 misit
649 1783 715 1833 licus
726 1784 818 1833 Filium
829 1796 905 1832 suum
916 1785 943 1832 in
954 1779 1127 1832 similitudine
1138 1777 1210 1829 caruit

154 1853 266 1913 peccati,
277 1854 378 1913 propter
395 1855 528 1912 peecatum
538 1888 545 1911 ,
554 1855 582 1900 ut
595 1865 667 1900 reum
687 1858 815 1914 perageret
823 1855 959 1914 peccatum
972 1853 1000 1901 in
1013 1861 1095 1900 carue
1104 1849 1186 1912 ipsius

185 1918 263 1970 Divus
276 1921 468 1982 Chrysostomus
484 1924 559 1970 vertit
575 1922 684 1971 claritis:
700 1923 764 1971 Nam
784 1922 852 1984 quod
863 1922 903 1970 lex
913 1927 1036 1984 praestare
1056 1932 1111 1970 non
1127 1918 1211 1982 potitii

154 1994 263 2052 exparte
272 2027 279 2051 ‚
289 1991 340 2051 qus
355 1989 487 2039 imbecillis
501 1995 554 2039 erat
571 1995 673 2053 propter
685 2004 804 2052 carnem,
821 1991 870 2040 boc
880 1991 947 2040 Deus
957 1991 1063 2053 proprio
1074 1987 1209 2039 eluuntur

153 2062 201 2111 sub
216 2064 299 2123 specie
312 2063 396 2109 carnin
409 2065 512 2122 peccato
528 2061 640 2111 obnoxie
652 2098 659 2122 ‚
670 2063 803 2123 prestititr
815 2074 846 2110 uc
857 2061 889 2110 de
901 2065 1007 2125 peccato
1018 2059 1152 2110 damnent
1163 2066 1209 2120 pes·

153 2135 240 2182 catum
251 2143 295 2192 per
308 2141 421 2178 carnem.

184 2201 227 2250 llis
239 2203 321 2261 itaque
332 2199 415 2247 verbis
423 2196 555 2260 Apostolus
565 2199 674 2248 ostendit
687 2199 713 2248 id
726 2199 798 2248 nobis
814 2211 859 2262 per
870 2198 980 2260 gratim
990 2197 1137 2260 praestitum
1150 2204 1207 2251 eutr

154 2268 220 2330 quod
232 2268 272 2318 lex
285 2271 402 2329 prestare
416 2280 466 2315 non
483 2269 565 2328 potuit
575 2305 581 2328 ,
593 2268 690 2317 scilicet
705 2267 880 2317 liberationem
892 2268 907 2316 b
925 2266 1063 2317 dominatu
1082 2270 1109 2315 et
1124 2265 1207 2314 bretti

154 2338 365 2400 concupiscentiae
375 2334 459 2397 ,legis
472 2336 660 2398 impletionem,
675 2351 720 2387 sen
730 2339 864 2397 justitiam.
876 2350 902 2386 n.
918 2337 941 2384 i.

185 2409 251 2456 Nom
272 2407 339 2467 qnod
352 2413 406 2454 eet
418 2405 573 2466 impossibile
583 2408 641 2468 tent.
655 2407 698 2456 Gr.
710 2406 786 2468 legis,
798 2406 825 2455 id
835 2410 872 2455 est
881 2443 888 2466 ,
898 2403 968 2466 quod
987 2403 1030 2455 lex
1039 2404 1149 2473 dimeter
1157 2413 1207 2466 pre·

154 2481 220 2527 stare
233 2489 285 2525 non
297 2477 394 2537 poterat
404 2511 411 2534 ,
421 2475 450 2522 io
460 2487 525 2535 quo,
537 2473 624 2535 idest,
636 2488 667 2524 ex
675 2475 779 2537 eoquod
787 2513 794 2536 ,
803 2488 848 2526 seu
864 2478 890 2524 in
903 2474 1033 2536 quantum
1044 2477 1100 2525 erat
1112 2472 1206 2527 indm

153 2561 199 2609 per
214 2559 322 2603 caraem,
337 2544 423 2604 idest,
435 2557 487 2593 non
498 2546 525 2593 ln
539 2547 632 2608 seipsa,
645 2546 689 2595 sed
700 2552 801 2609 propter
811 2546 942 2596 infirmam
950 2545 1092 2595 bominum
1100 2552 1204 2595 caruem

153 2629 186 2667 ne
197 2616 276 2678 legem
289 2616 404 2665 videatur
416 2614 581 2676 caltsmniarl,
597 2616 770 2666 infirmitatem
780 2616 919 2677 adscribit,
934 2626 989 2664 non
1002 2613 1071 2677 legi,
1084 2613 1129 2664 scd
1140 2609 1204 2663 urii·

153 2686 182 2736 b.
196 2686 285 2748 Chrys.
298 2687 381 2742 Deus,
395 2684 482 2746 supple
498 2698 557 2734 curn
575 2685 604 2735 b.
619 2686 708 2748 Chrys.
726 2688 861 2751 prestitit:
875 2685 972 2734 Filium
984 2698 1065 2735 suum
1083 2678 1205 2735 settim

152 2755 343 2805 similitudinem
359 2754 441 2801 corais
452 2754 554 2814 peccati.
569 2754 612 2803 Gr.
623 2756 650 2802 in
662 2755 837 2804 similitudine.
850 2755 914 2804 Nota
927 2753 997 2816 quod
1010 2766 1065 2804 non
1076 2752 1140 2802 dicit
1149 2746 1204 2799 tud·

153 2822 297 2873 militudlne
310 2823 410 2881 cernis,
426 2823 499 2883 quasi
513 2821 627 2873 Christus
643 2823 877 2875 similitudinariam
897 2828 922 2873 at
936 2827 1109 2887 apparentem
1121 2815 1203 2879 bullii

152 2902 256 2942 earnem
269 2889 402 2951 hebuerit,
414 2891 457 2940 sed
469 2892 497 2939 in
508 2891 672 2941 similitudine
680 2893 763 2943 coreb
776 2893 887 2955 peccati,
901 2892 929 2941 id
943 2891 1001 2954 est,
1013 2890 1122 2945 cannen
1131 2896 1203 2953 litt&

165 2962 234 3010 rlcis.

183 3030 296 3080 Christus
315 3029 404 3080 babuit
415 3043 501 3080 reram
513 3043 630 3092 carnem,
641 3043 698 3093 quse
708 3031 799 3082 similis
809 3035 864 3082 cred
875 3033 948 3082 carui
958 3032 1102 3096 peccatrici
1114 3028 1202 3081 aliem

152 3099 304 3160 hominum,
317 3099 376 3148 licet
389 3101 547 3150 sanctissima
560 3101 639 3162 toret,
651 3104 710 3163 quia
722 3101 802 3151 Verbo
815 3103 897 3151 unite.

183 3171 216 3217 Et
225 3170 254 3217 de
266 3175 365 3230 peccato
377 3170 506 3218 damnavit
515 3176 652 3231 peccatum.
664 3170 727 3218 Nota
744 3171 771 3218 in
786 3169 827 3219 bis
840 3169 925 3219 verbis
942 3163 1201 3233 prosopopsrurnin

152 3238 239 3298 quitur
254 3239 323 3285 enim
334 3236 466 3299 Apostolus
478 3237 509 3286 de
520 3242 636 3300 peccato,
648 3240 721 3299 quasi
732 3237 764 3287 de
782 3242 907 3301 manno,
919 3250 1000 3300 quem
1011 3238 1045 3289 de
1065 3234 1202 3302 posse&

153 3305 223 3365 regni
234 3341 241 3364 ,
252 3304 320 3365 quod
335 3307 476 3366 invaserat,
488 3307 562 3365 ejecit
581 3306 705 3355 Christus.

182 3374 215 3422 nt
227 3379 354 3434 peceatum
361 3390 372 3434 ;
383 3374 409 3424 id
423 3378 478 3434 est,
493 3373 606 3423 tomitem
625 3376 736 3436 merati,
749 3378 890 3437 tyrannum
907 3373 1001 3437 illum,
1022 3377 1070 3439 qui
1086 3377 1115 3425 in
1132 3376 1200 3425 cnm

152 3439 268 3491 homines
280 3444 333 3491 rim
346 3447 371 3492 et
383 3441 543 3504 tyrannidem
556 3443 694 3493 exercebat.
1144 3492 1148 3499 ,

181 3511 491 3573 Domeroeitdepecco105
508 3511 534 3560 id
554 3516 695 3572 est,1eum
710 3514 823 3574 peregit,
843 3512 875 3563 de
896 3512 1037 3576 multipiici
1058 3506 1200 3578 peccandi

151 3578 219 3639 quod
231 3591 319 3630 omnes
333 3581 445 3630 carnales
463 3582 663 3643 precipitaverat
673 3619 680 3642 ,
692 3593 737 3630 seu
751 3583 818 3645 quod
830 3581 918 3644 fueret
932 3596 1019 3646 supro
1037 3584 1142 3634 modus»
1156 3588 1200 3642 pti·

153 3658 224 3704 cens,
237 3652 267 3697 ut
276 3661 331 3711 cap.
341 3653 365 3698 7.
378 3663 405 3698 ιι.
420 3652 457 3704 13.
469 3650 565 3711 suique
576 3650 711 3712 tyrannide
723 3652 848 3713 privarit3
859 3652 941 3715 ipsius
957 3653 1028 3705 vires
1043 3654 1081 3702 lta
1091 3645 1200 3713 ΜΝ*

152 3712 261 3774 ampiibs
276 3728 328 3764 non
340 3717 483 3766 dominetur
495 3719 522 3766 in
538 3718 619 3767 nobls.

183 3783 214 3831 lc
224 3796 315 3847 cunm
330 3787 357 3836 id
366 3791 419 3848 est,
434 3787 509 3849 idque
522 3799 681 3851 perennem
698 3787 788 3838 iiiito
797 3801 844 3840 suo
855 3790 1195 3856 &compunctionum

153 3851 273 3900 catricem
287 3853 314 3901 in
325 3866 400 3904 cruce
412 3866 569 3916 suspensam.

183 3918 245 3975 itote
264 3918 307 3977 bic
324 3927 350 3972 et
362 3925 455 3975 mirare
474 3923 519 3981 bet
532 3925 668 3985 eoussslum
678 3944 686 3978 r
698 3925 833 3991 luirmltss
849 3925 912 3993 lapis
929 3927 1062 3983 edebatur
1078 3942 1111 3981 ax
1126 3933 1200 3981 cam·
