2520 4440
319 195 489 252 TRIPLEX
508 201 729 259 expostulo.
750 207 832 261 tle.
852 209 935 263 xiii.
1104 213 1158 264 185

125 291 152 340 2.
177 291 276 359 Itaque
299 292 348 359 qui
371 293 473 348 resistit
489 310 538 362 po-
591 297 715 360 Prolnde,
745 303 789 362 qul
812 302 930 363 legitime
951 304 1083 364 potestati,
1111 317 1158 354 sno

92 364 197 426 testati,
225 366 275 418 liei
302 367 470 423 ordinationi
493 385 537 425 pe.
560 376 666 413 munere
677 365 934 439 iungenti,reslstit;
951 372 972 419 is
991 370 1041 420 Deo
1057 372 1103 433 ipsi
1118 385 1158 420 re-

91 441 172 492 sistit,
194 442 246 504 Qui
270 444 364 496 autem
385 437 534 512 resistunt,
560 435 641 492 sistit,
657 435 736 494 ique
747 439 785 485 cst
798 438 851 496 eius
862 440 1012 498 auctoritas,
1027 451 1056 488 ae
1068 451 1158 488 conse·

89 516 144 583 ipsi
159 514 432 576 sibi-dffmnaqionem
442 507 537 592 aequi·
558 505 664 562 qllentel'
675 510 762 565 poelias
774 503 790 552 ὲ
801 503 850 554 Deo
861 505 914 555 luet
926 509 1039 557 aetornas.

88 602 166 648 runt.
217 607 219 611 ·
261 623 263 628 ·
306 611 309 617 ·
358 643 363 649 .

123 678 152 727 5.
165 677 234 728 Nam
248 676 387 743 principes
400 692 458 732 non
470 687 536 734 sunt
589 679 620 729 bt
632 683 717 729 autem
732 679 850 731 libentius
870 683 1029 746 Principibus
1042 685 1156 748 obedias,

87 751 184 806 timori
196 752 264 806 boni
276 756 381 820 operis,
397 756 447 809 sed
458 760 533 813 malj,
558 749 659 798 attende
672 749 704 798 ad
720 751 780 810 quid
798 753 913 801 instituta
938 755 971 801 sit
991 752 1093 802 illorum
1111 768 1156 816 pe

87 827 136 880 pis
148 833 243 881 aufem
256 840 314 881 non
326 832 423 885 timere
438 816 535 898 popes',
558 822 655 867 lesisse
673 821 700 867 in
720 819 846 871 bonorum
863 820 960 871 seilicet
979 821 1109 881 favorem,
1129 828 1156 871 nt

86 905 198 958 mem?
210 907 373 962 Bonumfac
384 927 390 940 ‚
403 916 430 962 et
445 910 534 965 habe·
558 886 716 948 improbitate
733 887 858 937 malornm
879 889 1003 948 coerciti,
1019 890 1100 945 tutids
1115 894 1156 939 ri·

382 949 390 973 ’
558 959 618 1004 rant
634 955 695 1004 boni
708 972 715 1004 r
727 958 766 1005 ris
782 960 869 1009 autem
886 961 1034 1018 potestatem
1049 958 1155 1008 ¹iliorum

558 1034 609 1070 non
627 1024 737 1071 timere?
750 1035 795 1084 age
808 1024 875 1084 quod
893 1026 988 1076 bonum
1002 1030 1056 1085 est,
1070 1029 1155 1088 sicque

558 1102 609 1138 non
622 1088 697 1139 modo
710 1103 797 1152 poenas
814 1104 865 1140 non
877 1093 994 1155 timebis,
1007 1094 1052 1143 sed
1064 1098 1089 1143 et
1100 1094 1155 1144 lau·

233 1189 254 1201 „
557 1157 615 1206 dem
626 1158 658 1206 ab
675 1159 711 1207 eis¹
727 1161 877 1219 assequeris.

120 1226 150 1275 l.
176 1225 226 1278 Dei
247 1225 321 1279 enim
345 1220 471 1280 minister
491 1233 534 1280 est
587 1227 705 1290 Princeps
729 1230 798 1277 enim
818 1230 833 1279 i
852 1229 902 1278 Deo
918 1232 1049 1280 institutus
1062 1236 1116 1291 est,
1130 1237 1155 1281 et

86 1299 138 1354 ribi
153 1300 184 1353 ῑῃ
195 1292 312 1356 bonum,
327 1305 356 1357 sj
370 1310 463 1357 aurem
475 1319 534 1357 ma.
556 1298 603 1346 sub
614 1297 663 1347 lico
675 1299 828 1347 constitutus
835 1317 843 1358 ;
860 1302 888 1347 ut
905 1303 1027 1360 tanquam
1049 1299 1092 1349 Del
1106 1305 1155 1350 ‘mi-

85 1379 144 1432 pum
163 1380 265 1434 seceris
289 1374 358 1436 'time
369 1398 377 1414 .
388 1397 446 1436 non
458 1385 532 1438 enim
557 1368 651 1427 nister,
674 1366 740 1416 bono
764 1367 849 1429 presit
867 1366 987 1429 publico,
1010 1368 1115 1430 ideoque
1130 1377 1155 1418 et

86 1457 149 1512 sine
172 1421 404 1528 oauso'gisdium
429 1468 531 1528 portat·
555 1439 600 1486 tuo
614 1454 620 1485 ε
636 1438 657 1485 sl
670 1435 731 1485 rerd
751 1435 833 1489 seclus
854 1436 956 1503 aliquod
979 1439 1153 1498 commiseris,

85 1535 136 1588 Dei
144 1535 223 1589 enim
229 1537 355 1592 minister
363 1545 405 1592 est
416 1541 532 1593 ‚vindex
556 1508 593 1552 cst
604 1503 671 1565 qnod
681 1507 771 1553 timeas
781 1523 787 1552 ι
799 1516 851 1553 non
863 1505 932 1552 enim
941 1494 1154 1585 ‘miti-madium

416 1579 423 1592 ·
556 1575 655 1633 portat,
667 1570 841 1649 sedutmalos
854 1572 961 1634 puniat,
975 1572 1099 1632 siquidem
1110 1572 1153 1621 lici

86 977 133 1034 bi's
141 981 256 1034 laudem
265 995 298 1034 ex
307 983 352 1037 illa
366 1000 374 1038 r

84 1659 1149 1683 —-—¹-——-=——-——————qn-q-—————

115 1707 179 1768 Nota
194 1712 251 1771 post
264 1709 292 1770 li,
302 1709 511 1773 chrysostomum
521 1749 528 1773 ,
540 1716 565 1761 et
575 1716 632 1775 post
641 1713 671 1762 l).
681 1711 804 1761 Thomam
815 1749 821 1771 ‚
833 1710 900 1773 qudd
911 1715 994 1761 omnis
1006 1716 1152 1777 poteslasin

85 1789 112 1826 sc
126 1776 304 1839 considerata',
321 1781 335 1828 i
350 1780 400 1829 Deo
411 1781 514 1842 quidem
528 1784 582 1842 est,
594 1781 705 1831 stilico
717 1781 847 1842 ordinatu,
859 1793 911 1830 non
925 1786 1010 1840 tamen
1022 1785 1104 1832 omnis
1120 1783 1153 1832 ad

84 1851 238 1910 potestatem
250 1850 393 1910 ingressus,
409 1863 455 1900 nec
467 1853 550 1901 omnis
562 1851 595 1900 ad
610 1852 739 1914 potestatis
751 1864 820 1900 usus.
873 1851 878 1861 ⁴
895 1896 898 1900 ,
914 1903 918 1910 ,
1045 1899 1049 1904 ,
1093 1896 1096 1901 .

114 1915 188 1967 Licet
199 1920 286 1966 autem
298 1920 355 1978 quis
366 1919 412 1969 sui
427 1920 573 1970 abuteretur
582 1923 719 1983 potestate,
732 1917 872 1968 dummodo.
880 1914 991 1982 legitimi
1002 1914 1150 1981 creaturi-sit,

84 1999 160 2057 suam
175 1986 278 2037 habeti
289 1986 339 2036 lieo
350 1993 509 2061 potestatem.
518 1989 580 2039 Vide
591 1989 640 2038 bac
648 1989 680 2060 de
690 2000 716 2038 re
724 1988 817 2037 Dirum
827 1991 999 2050 Angustinnm·
1009 1990 1024 2038 d
1036 1990 1151 2040 cornelio

84 2059 205 2109 citatum.
701 2111 704 2116 ,
1096 2112 1097 2116 ,

115 2135 140 2181 2.
156 2133 247 2195 Itaque
260 2135 306 2198 pne·
323 2136 446 2187 resistit...
458 2136 592 2187 Conclusio
604 2149 710 2197 sequens
724 2148 754 2185 er
764 2136 908 2197 premissis.
921 2135 950 2184 ln
960 2134 1009 2185 hoc
1022 2134 1150 2193 brunnon

84 2205 219 2263 separatur
230 2202 393 2264 abdomine,
405 2206 505 2267 petros
517 2206 627 2266 spernit,
642 2218 681 2254 me
690 2204 792 2267 spernit.
804 2204 855 2262 Qni
865 2206 949 2252 ant‘em
961 2203 1150 2275 resistentffici-

83 2269 293 2335 lieet-potestati,
305 2275 489 2324 damnationem
501 2275 551 2324 sibi
564 2274 698 2336 acquirent
710 2277 830 2324 aternam
845 2274 860 2323 i
876 2270 942 2333 ileo,
954 2266 1117 2334 temporam
1136 2271 1150 2317 i

83 2342 246 2400 magistratu.

113 2408 135 2456 Α
150 2407 202 2457 lieo
222 2412 260 2458 est
279 2412 388 2470 potestas
400 2429 406 2458 ι
420 2423 477 2474 ergo
491 2412 606 2472 potestati
619 2410 723 2459 debetur
739 2405 836 2472 honor,
848 2409 962 2459 nondum
974 2410 1094 2468 exterior,
1108 2408 1151 2457 sed

82 2480 108 2526 et
122 2479 233 2526 interior
242 2482 290 2538 ,ut
305 2477 351 2526 liei
364 2481 459 2528 ricario
470 2493 515 2528 seu
533 2482 637 2540 imagini
651 2479 773 2528 :debetur
786 2480 926 2529 obedientia
936 2516 943 2539 ,
955 2490 1007 2528 non
1019 2477 1114 2537 civilis,
1126 2483 1151 2525 et

81 2547 189 2610 politica
200 2547 318 2608 lentim
330 2547 373 2596 sed
392 2551 468 2597 etiam
480 2548 622 2598 voluntaria
634 2553 659 2598 et
672 2562 702 2597 cx
716 2549 791 2598 eorde
804 2562 849 2613 per
862 2551 1004 2610 respectum
1015 2548 1048 2597 ad
1060 2547 1149 2595 licum.

112 2616 199 2666 illico
212 2621 250 2666 est
260 2617 334 2678 ordo,
346 2621 371 2666 ct
382 2617 509 2669 distinctio
517 2620 661 2681 potestatise
674 2631 731 2680 ergo
746 2629 933 2682 nonsupremae
943 2617 1059 2675 tanturn,
1070 2614 1114 2664 sed
1126 2618 1151 2661 ct

80 2684 257 2736 subordinatis
272 2686 412 2748 parendum
426 2692 472 2736 est.
950 2685 956 2690 ’
1096 2699 1099 2707 ·

112 2754 134 2802 li
158 2753 211 2802 ileo
229 2757 289 2812 sunt
305 2754 451 2819 Principes,
468 2759 492 2804 et
508 2755 668 2817 Superiores,
683 2758 760 2805 etiam
773 2767 825 2805 non
839 2755 915 2812 boni,
935 2751 1050 2814 legitime
1064 2753 1150 2798 tamen

80 2825 163 2873 arenti
176 2843 183 2872 ε
201 2835 260 2884 ergo
274 2827 299 2872 et
310 2823 370 2888 ipsis
383 2823 540 2885 parendum-3
550 2825 631 2874 boner
643 2827 704 2886 ipsis
718 2824 889 2883 exhibendum
902 2834 953 2872 non
968 2817 1150 2869 attendendum

80 2891 113 2940 ud
124 2890 232 2941 illorum
244 2904 362 2953 personas
375 2896 420 2940 aut
439 2891 565 2952 deiectus,
578 2893 620 2941 sed
635 2893 667 2941 ad
681 2896 828 2954 potestatem
844 2901 921 2952 quam
931 2888 1027 2937 habent
1039 2888 1054 2933 d
1067 2887 1126 2936 lieo.

112 2971 137 3015 3.
157 2967 224 3015 lt'nm
235 2966 365 3028 Principes
379 2981 429 3016 non
445 2973 503 3019 sent
516 2967 601 3016 timori
615 2967 674 3016 boni
687 2967 778 3029 operis.
789 2965 832 3014 Gr.
847 2977 899 3013 non
911 2966 971 3012 sunt
982 2974 1059 3024 paror
1069 2961 1150 3008 bono·

80 3049 142 3085 rum
161 3045 268 3098 operum
279 3072 286 3095 ,
297 3030 485 3085 sed‘malorum.
720 3072 722 3076 -
1038 3034 1041 3044 '

112 3106 197 3168 supro
211 3119 238 3153 n.
253 3110 275 3154 t.
285 3106 316 3154 nb
327 3107 422 3166 origine
436 3108 566 3168 potestatis
575 3107 683 3168 sumpsit
693 3105 887 3172 argumentum,
900 3113 951 3162 quo
963 3099 1079 3161 probaret
1086 3097 1150 3179 ,⁰b⁸.'

79 3175 186 3225 dientiae
200 3174 328 3235 debitum;
337 3175 380 3224 hie
400 3176 415 3225 i
429 3176 480 3224 line
492 3179 613 3227 institutae
624 3178 752 3239 potestatis
761 3212 768 3235 ,
777 3173 887 3222 aiterum
899 3172 978 3221 sumit
989 3169 1150 3248 subjectionis

79 3252 265 3306 argumentum
275 3280 281 3303 ,
290 3244 413 3293 nimirum
427 3247 454 3293 iri
467 3244 577 3295 larorem
596 3247 720 3296 bonorum
735 3244 851 3292 instituta
864 3243 902 3288 est
919 3241 1028 3300 potestas
1038 3273 1044 3295 ,
1056 3234 1150 3312 scilicet

80 3320 109 3361 nt
120 3351 126 3372 ,
139 3314 301 3379 improbitate
313 3312 433 3372 coercita,
444 3315 524 3364 tutius
533 3317 621 3365 vivant
633 3315 702 3363 boni.
716 3313 757 3360 Vis
763 3316 849 3360 numm
859 3321 910 3356 non
922 3307 1036 3385 timere...
1045 3304 1100 3365 Syr.
1111 3314 1149 3349 vus

80 3384 170 3442 igitur,
178 3387 239 3432 etc..
247 3381 315 3443 qnod
326 3376 421 3432 boilum
431 3388 468 3432 est
480 3396 523 3445 age
533 3406 540 3444 ;
550 3398 602 3433 non
614 3382 688 3432 morlo
699 3392 786 3445 poenas
797 3389 851 3427 nou
861 3374 979 3432 timebis,
990 3371 1041 3421 rmd
1050 3368 1149 3418 leudem

80 3457 106 3499 et
120 3453 257 3513 prm-inm
271 3450 303 3499 ab
321 3449 363 3498 iila
374 3455 493 3511 potestate
507 3453 675 3513 consequeris.
1018 3515 1024 3526 ι
1062 3513 1068 3522 ⁸
1091 3512 1096 3521 ²

112 3528 137 3574 l.
147 3526 197 3574 Dei
206 3527 276 3574 enim
288 3525 399 3572 minister
411 3532 445 3574 est
456 3526 502 3575 tibi
512 3528 538 3575 in
550 3527 655 3583 bonnm,
665 3525 752 3582 idest,
765 3521 886 3579 Princeps
900 3517 970 3566 enim
982 3514 1026 3563 Der
1036 3512 1149 3586 minister

80 3599 134 3654 est,
149 3594 252 3655 lieeque
264 3590 390 3640 subservit
404 3593 432 3641 in
443 3592 539 3642 bonum
550 3597 639 3652 tuum,
651 3596 679 3640 ut
688 3592 769 3653 possis
779 3583 916 3646 tranquille
928 3586 952 3631 et
964 3578 1045 3642 quiete
1056 3584 1146 3622 utere-

112 3669 143 3717 Si
159 3674 247 3717 entem
263 3664 362 3714 molum
373 3663 470 3726 semis,
480 3667 550 3724 time,
560 3667 585 3715 id
597 3670 650 3726 est,
663 3661 778 3724 estquod
794 3661 896 3708 timeas.

109 3734 168 3793 'Non
188 3741 257 3792 enim
271 3739 325 3788 sine
345 3751 434 3797 censo,
449 3740 475 3788 id
496 3744 551 3801 est,
567 3752 613 3789 nco
630 3740 700 3787 enlm
717 3735 813 3785 trustra
829 3729 941 3793 gladium
956 3724 1052 3786 portat,
1064 3718 1106 3768 ted
1120 3721 1149 3765 ¹¹1

82 3824 140 3861 enm
158 3812 185 3860 in
199 3805 378 3859 malefectores
393 3809 506 3870 stringat.

111 3886 156 3934 Dei
171 3884 240 3934 enim
262 3880 375 3930 minister
388 3887 430 3930 est.
443 3881 498 3945 Syr.
515 3880 638 3944 siquidem
659 3879 777 3928 minister
792 3872 837 3922 Del
856 3862 1045 3978 ⁶⁸t⁵¹¹¹¹⁰sgj¹⁸ffi
1060 3860 1089 3904 iis
1105 3856 1147 3915 <1²¹¹

184 3967 203 4009 i.
