2520 4440
14 308 16 315 Ι
431 321 434 325 Ι
483 255 709 310 PRAEFATIO.
1055 275 1124 315 xrur

14 384 16 437 3
71 345 199 407 Judaeum
211 342 306 425 voro,
321 346 393 426 quia
406 347 459 411 uei
471 348 574 429 legem
582 368 647 413 non
657 351 835 414 observavit
852 349 956 416 :unde
965 355 1125 420 concludit

71 465 169 513 omncs
182 468 256 514 esse
269 453 330 514 sub
342 456 488 534 peccato3
503 458 536 518 et
549 454 621 519 ideo
629 459 777 518 neutrum
791 458 848 518 sua
858 457 980 535 Justitia
990 458 1125 524 salutem

70 557 228 634 meruisse,
243 557 301 620 sed
314 560 426 623 omnes
443 557 500 623 Dei
512 559 678 623 Salvatoris
692 577 787 639 egere
802 561 911 641 gratia.
966 588 969 593 ·

99 663 216 739 scopus
234 661 330 740 igitur
348 651 488 743 Apostoli
504 663 537 727 in
559 665 618 727 hac
633 665 770 745 Epistola
787 667 837 729 est
853 666 1022 732 ostendere
1038 665 1125 748 quod

69 765 169 829 Christi
192 766 309 845 gratia,
323 782 385 830 nec
404 767 517 832 rudeis
530 768 604 831 data
622 769 681 848 sit,
702 771 745 833 ob
763 770 906 857 hlosaicae
921 769 1000 850 legis
1019 769 1125 832 obser-

68 871 214 948 vantiam,
229 888 291 934 nec
311 872 499 949 Gentilibus,
519 875 560 935 ob
580 875 659 954 legis
680 876 830 938 naturalis
850 875 1026 939 custodiam
1043 895 1050 936 :
1067 872 1123 938 sed

67 975 141 1040 nere
155 973 256 1057 gratis
271 981 304 1039 et
321 981 450 1056 eapura
460 977 747 1042 Deimisericordia.

94 1082 172 1144 ilinc
189 1089 220 1143 1⁰
242 1080 345 1160 capite
361 1082 517 1145 horrenda
534 1083 797 1163 Philosophorum
818 1084 986 1148 Gentilium
1004 1083 1123 1148 scelera

64 1188 193 1265 revelat,
207 1193 239 1248 2⁰
254 1202 321 1266 cap.
336 1187 515 1249 Judaeoram
526 1189 813 1268 transgressiones3
832 1194 863 1251 3ο
877 1205 944 1267 cap.
965 1187 1123 1251 concludit

64 1308 165 1354 omnes
186 1308 260 1354 esse
273 1291 333 1354 suh
350 1290 500 1371 peccato,
515 1308 575 1356 nec
594 1293 711 1356 habero
724 1294 763 1355 de
783 1310 845 1373 qao
859 1292 1049 1372 glorientur,
1063 1291 1123 1353 ihi·

63 1389 247 1473 dem,'circa
272 1397 369 1459 finem
390 1396 518 1476 capitis,
542 1401 632 1460 suam
662 1399 702 1462 de
724 1398 858 1478 gratuita
878 1395 1121 1476 justificatione,

59 1501 207 1563 Gentibus
231 1503 264 1563 et
283 1500 397 1562 ludaeis
418 1502 540 1580 oblata,
563 1503 737 1565 doctrinam
759 1503 877 1583 aperit,
905 1505 936 1564 4⁰
953 1518 1021 1581 cap.
1041 1500 1123 1563 hanc

60 1623 144 1668 suam
155 1606 334 1668 doctrinam
346 1605 512 1668 confirmat
525 1610 670 1687 exemplo
684 1608 780 1687 ipsius
793 1609 942 1686 Abrahae,
959 1603 1055 1687 gratis
1066 1624 1122 1686 per

60 1710 148 1773 fidem
166 1711 347 1790 justificati,
361 1711 393 1772 in
407 1715 438 1774 5ο
453 1728 520 1791 cap.
541 1712 635 1790 hujus
654 1714 797 1792 gratuitae
809 1712 1041 1792 justificationis
1063 1727 1122 1774 ex-

58 1817 233 1880 cellentiam
247 1817 383 1879 declarat
401 1821 432 1880 et
445 1817 612 1880 utilitatem
625 1843 633 1898 3
648 1823 680 1880 6⁰
697 1835 765 1897 cap.
784 1819 928 1905 hortatur
942 1818 987 1880 sic
1002 1816 1121 1895 justili-

58 1927 160 2000 catos,
177 1925 213 1984 ut
232 1922 348 1985 sanctis
366 1922 505 1986 moribus
517 1923 672 2000 Justitiam
690 1926 816 1984 servent
833 1927 866 1985 et
884 1926 1034 2002 augeant3
1049 1922 1120 2000 quia

58 2032 89 2090 ut
102 2035 133 2090 7⁰
152 2045 222 2106 cap.
241 2027 352 2105 docet,
366 2031 439 2107 post
449 2027 707 2105 justificationem
719 2030 826 2088 manet
839 2027 942 2089 adhuc
955 2025 1120 2105 concupis·

58 2132 177 2211 centia,
193 2150 288 2211 quam
299 2133 352 2194 lex
365 2133 466 2211 acuit,
483 2132 541 2196 sed
555 2148 649 2211 quam
663 2129 763 2209 gratia
775 2134 901 2209 superat
915 2134 947 2192 et
959 2130 1097 2209 reprimit
1109 2156 1118 2210 3

58 2237 85 2299 in
98 2245 130 2302 8⁰
144 2256 215 2317 cap.
232 2239 394 2300 enumerat
405 2239 525 2300 fructus
539 2255 581 2300 cx
594 2235 656 2299 fide
666 2235 780 2299 Christi
790 2238 967 2298 nascentes.

94 2348 127 2406 ln
147 2349 201 2418 9⁰,
218 2349 284 2421 10⁰,
304 2351 353 2404 11⁰
372 2341 466 2405 docet
478 2346 592 2405 Gentes
607 2341 812 2420 adjustitiam
827 2342 943 2403 electas
958 2357 1050 2418 esse,
1066 2344 1120 2403 Ju-

57 2449 139 2510 daeos
153 2444 231 2510 vero
245 2447 380 2525 rejectos
394 2448 433 2509 ab
452 2447 522 2524 illa,
545 2447 617 2525 quia
631 2450 745 2509 Gentes
764 2444 886 2508 Christo
900 2444 1117 2522 crediderunt3

57 2553 150 2617 Judaei
165 2556 273 2615 autem
286 2552 414 2614 credere
427 2552 606 2615 noluerunt.
622 2554 670 2614 Ex
683 2552 741 2613 hac
758 2550 936 2612 ludaeorum
948 2550 1118 2627 rejectione

56 2657 297 2738 consequentias
313 2655 480 2736 praevenit,
504 2674 573 2735 quae
592 2659 701 2719 contra
718 2655 772 2717 Dei
795 2654 960 2718 veritatem
977 2656 1009 2716 et
1028 2655 1118 2732 J'osti-

56 2766 129 2828 tiam
143 2762 258 2827 deduci
278 2761 410 2842 possint.
425 2763 524 2839 Hujus
542 2760 719 2838 rejectionis
738 2759 852 2822 limites
867 2761 956 2821 notat
970 2759 1002 2820 et
1014 2759 1117 2836 quoad

55 2862 180 2951 tempus
190 2871 224 2932 et
235 2866 339 2947 quoad
351 2882 501 2946 personas
519 2887 527 2927 ε
541 2865 720 2928 iudaeorum
729 2863 857 2943 rejectio
874 2862 933 2925 luit
945 2862 1116 2926 vocationis

56 2976 200 3040 Gentium
216 2971 340 3035 occasio
359 2970 673 3048 :hancreJ‘ectionem
690 2970 821 3031 timeant
831 2972 863 3033 ct
874 2971 999 3032 Gentes.
1010 2970 1036 3029 h
1048 2985 1115 3048 cap.

57 3089 104 3146 12⁰
114 3096 219 3159 usque
231 3078 271 3140 ad
285 3077 382 3139 finem
395 3076 558 3157 Epistulae,
572 3092 679 3137 mores
691 3074 827 3136 instruit.

91 3191 167 3249 Duae
180 3183 277 3263 igitur
286 3184 361 3243 sunt
374 3181 469 3259 hujus
480 3179 625 3260 Epistolae
638 3181 742 3258 partes
758 3200 765 3240 :
779 3186 810 3239 1·
824 3224 833 3256 ,
851 3195 919 3256 quae
929 3181 978 3240 est
988 3176 1117 3258 dogma-

55 3291 130 3369 tica,
146 3284 368 3368 complectitur
375 3282 521 3346 undecim
533 3285 634 3364 capita
651 3290 701 3346 :2¹
715 3330 724 3361 ,
738 3300 806 3362 quae
820 3286 869 3345 est
882 3281 1000 3361 ethica,
1016 3283 1116 3345 conti-

53 3398 145 3460 netur
154 3397 292 3473 quatuor
300 3388 573 3469 capitibus.Gaput
586 3392 633 3450 16.
645 3387 744 3451 varias
754 3387 893 3449 continet
901 3387 1115 3450 salutationes.
1224 3442 1231 3449 .

91 3500 211 3579 Scripta
222 3496 283 3559 luit
293 3491 415 3572 Graece,
431 3498 500 3555 tum
510 3490 751 3572 quiaeGraeciat,
762 3491 816 3554 uhi
827 3493 862 3554 l).
878 3491 990 3555 Paulus
1003 3492 1116 3572 linguae

54 3611 164 3669 Graecae
177 3601 382 3676 assueverat,
396 3601 463 3660 tum
484 3597 556 3677 quia
568 3597 674 3677 lingua
686 3600 791 3659 Graeea
804 3600 879 3658 tunc
892 3596 1037 3658 Romanis
1052 3613 1119 3658 om-

53 3712 161 3784 nibus,
177 3706 277 3771 etiam
287 3700 430 3779 leminis,
450 3705 532 3763 teste
544 3701 701 3780 iuvenali,
715 3700 826 3763 eratin
840 3717 901 3762 usu
913 3700 1113 3778 quotidian03

54 3820 118 3877 tram
137 3812 212 3894 quia
236 3805 368 3871 advenis
391 3808 495 3867 Romae
517 3805 712 3868 morantibus
733 3805 865 3883 (quales
884 3806 973 3866 erant
993 3800 1115 3883 plurimi

54 3918 143 3999 hujus
161 3911 315 3980 Ecclesiae
336 3909 537 3989 Christiani),
558 3907 664 3989 lingua
678 3913 782 3973 Graeca
796 3907 902 3971 notior
913 3908 1000 3978 erat,
1021 3901 1113 3980 quim
