2520 4440
308 251 481 306 rarrbbx
499 253 725 308 Exposirw.
745 256 825 308 CAP.
846 257 926 308 iiiii.
1093 255 1147 308 iio

84 361 134 400 suo
154 361 215 400 nou
236 348 379 414 pepercit,
405 348 454 401 sed
464 376 467 379 ·
476 364 527 415 pro
549 350 643 410 percit,
657 348 701 398 sed
714 361 759 410 pro
772 349 843 398 nobis
854 349 971 398 omnibus
984 346 1057 397 ilinm
1071 348 1146 397 morti

83 425 163 477 nobis
171 425 306 477 omnibus
314 425 425 477 tradidit
434 425 525 478 illum:
550 417 652 466 tradidit
662 436 668 476 ;
679 415 823 478 quidnobis
834 431 885 467 non
897 419 1042 480 impertiet?
1054 417 1147 466 donato

84 503 227 569 quomodo
242 517 300 556 non
313 503 396 556 etiam
408 517 472 557 cum
482 505 527 557 ΜΟ
551 484 622 534 nobis
633 484 695 533 Filio
711 497 772 545 suo,
783 487 809 534 in
820 498 870 546 quo
886 490 947 535 suut
957 488 1057 546 omnia,
1069 483 1146 534 simul

84 580 418 639 omnianobisdonavst?
471 621 475 628 ι
550 554 717 603 uobisomnia
734 553 847 605 donavit.

115 662 159 711 55.
167 658 237 720 Quis
244 657 387 710 accusabit
395 657 527 711 adversus
580 652 640 715 Quis
658 656 725 703 ausit
745 655 933 703 accusationem
952 655 1083 702 instituere
1101 652 1146 702 ad·

89 737 183 788 cinctos
202 735 270 788 Dei?
283 739 357 788 neus
371 735 418 802 qui
426 735 528 802 justin.
549 721 636 770 versus
646 734 703 783 eos,
716 733 779 784 quos
787 721 855 770 licus
868 721 956 782 elegit,
973 718 1082 783 suosque
1099 719 1145 768 du·

87 820 133 867 tat.
550 793 606 840 citi
622 791 687 841 licus
706 793 822 841 omnium
837 791 933 852 luder,
951 789 1023 840 hosd
1037 790 1146 851 pcccatis

549 859 667 920 absolvit,
682 862 814 921 justosque
827 860 984 921 pronuntiat,

115 930 526 999 abQuIesiqui'condemnet?
579 927 640 988 Quis
649 927 837 991 est‚‹1uidiico
845 927 972 976 absolutos
982 926 1146 975 condemnet?

87 1009 206 1062 Christus
219 1011 314 1074 Iesus,
332 1009 383 1076 qui
400 1015 527 1062 mortuus
549 1008 582 1045 ³¹1
596 996 710 1045 Christus
721 996 813 1044 lesus?
826 997 878 1058 ipso
890 996 933 1056 qui
942 1007 987 1057 pro
998 994 1070 1043 nobis
1081 1004 1147 1041 mor-

86 1093 136 1151 ast,
146 1082 208 1139 imo
217 1080 302 1152 quiet
312 1087 470 1151 resurrexit,
478 1088 528 1154 qui
549 1069 609 1114 tuus
621 1068 676 1115 esti
689 1067 732 1126 qui
746 1069 771 1114 et
784 1065 864 1114 nostri
881 1065 957 1115 causa
977 1064 1113 1112 resurrerIt
1130 1062 1145 1109 a

86 1160 527 1231 cstaddexteromliei,quietiam

85 1241 239 1309 interpellat
246 1255 300 1308 pro
311 1239 402 1294 uobis.

549 1137 677 1184 mortuis?
688 1138 731 1196 qui
745 1138 785 1194 et,
797 1147 867 1183 nunc
878 1134 967 1183 sedeas
975 1133 1007 1182 ad
1018 1133 1144 1181 dexteram

549 1204 643 1264 Patris,
654 1208 767 1253 nostram
787 1203 854 1264 apud
870 1203 943 1252 ilium
956 1203 1145 1262 causamagit,

548 1275 621 1333 quasi
633 1277 718 1322 noster
732 1272 894 1321 adimacus?
934 1266 943 1280 “

110 1413 246 1472 Quomodo
257 1411 396 1460 anacteam
411 1425 468 1461 cum
483 1412 528 1461 illo
547 1413 632 1463 omnio
641 1413 713 1462 nobb
724 1415 846 1464 donavit?
860 1413 903 1463 Gr.
919 1413 1077 1476 gratificabit.
1088 1414 1145 1474 Syr.

81 1479 201 1543 largietur
216 1499 223 1529 ι
237 1481 324 1529 omnia
339 1479 433 1532 silicet
444 1480 476 1529 ad
495 1480 601 1531 salutem
615 1485 772 1544 necessaria,
784 1488 811 1531 ut
823 1482 887 1532 nulli
903 1483 986 1535 hostes
1000 1485 1110 1545 possint,
1124 1484 1145 1532 si

80 1550 206 1610 velimus,
217 1560 278 1597 eam
293 1547 424 1610 impedire.

107 1620 258 1679 lucarnatio
271 1615 367 1665 donum
385 1620 423 1666 est
438 1616 578 1678 donorum,
592 1619 619 1666 in
630 1631 681 1678 quo
694 1619 766 1668 nobis
777 1621 862 1668 omnia
875 1620 1002 1670 donantur
1009 1641 1016 1681 ;
1029 1624 1083 1671 sine
1096 1633 1146 1682 quo

80 1688 145 1741 nibil
158 1689 236 1739 datur
249 1705 255 1734 ι
270 1698 331 1734 nam
343 1687 428 1734 omnia
440 1698 484 1748 per
497 1689 522 1737 ei
532 1691 633 1748 propter
642 1687 780 1736 Christum.

107 1759 134 1810 Si
148 1757 246 1807 Filium
266 1755 370 1816 largitus
383 1759 435 1815 est,
448 1757 484 1803 ait
501 1754 531 1804 ii.
544 1755 617 1806 Joan.
636 1755 848 1819 Ghrysostomus‚
867 1773 914 1809 nec
932 1759 1080 1822 simpliciter
1094 1759 1145 1808 lar-

78 1831 163 1890 gitus,
178 1826 227 1887 sed
245 1824 308 1874 caedi
327 1822 431 1874 tradidit
441 1845 448 1886 ς
460 1824 522 1885 quid
538 1827 593 1885 jorn
605 1839 680 1888 super
693 1826 750 1875 aliis
768 1828 842 1877 rebus
853 1828 1000 1890 addubitas,
1013 1829 1146 1879 dominum

78 1901 139 1949 cbm
158 1896 309 1958 acceperis!
325 1894 387 1956 qnid
401 1894 502 1944 haesitas
519 1907 594 1957 super
612 1896 826 1957 possessionibus,
842 1898 933 1947 berum
954 1899 1013 1947 cum
1033 1899 1146 1947 babeas?

78 1981 139 2018 nam
154 1968 200 2028 qui
218 1962 286 2025 quod
302 1964 386 2022 maius
397 1967 467 2024 erat,
482 1965 592 2013 inimicis
608 1965 676 2013 dedit
688 2001 694 2024 ,
707 1967 751 2026 qui
768 1965 825 2026 fiet,
838 1971 865 2015 ut
876 1976 932 2027 quaa
949 1969 1049 2015 minora
1070 1971 1145 2025 suni,

78 2040 170 2090 amicis
183 2047 237 2085 non
249 2033 309 2082 deti
411 2031 412 2035 ’

109 2127 150 2181 33,
168 2119 233 2180 Quis
248 2117 377 2167 accusabit
396 2115 517 2166 adverada
535 2117 621 2168 elector
640 2119 704 2167 Dei?
724 2117 780 2180 Syr.
798 2119 854 2179 quis
871 2130 924 2168 sese
935 2121 1044 2180 opponet
1061 2116 1146 2176 electis

78 2187 141 2241 Ilei?
154 2188 334 2252 Superioribus
352 2185 465 2235 versibus
480 2185 565 2236 tideies
584 2190 701 2237 exaltavit
721 2187 753 2236 ad
771 2187 891 2237 ildariam
905 2182 932 2236 ln
947 2186 1041 2247 ileum,
1058 2189 1146 2236 contra

78 2265 256 2320 persecutores
268 2258 417 2316 exteriores,
428 2254 548 2305 Ethuioos
560 2256 671 2318 scilicet,
681 2258 725 2318 qui
736 2257 808 2306 bonis
820 2260 844 2306 et
852 2257 904 2306 vita
916 2256 1071 2307 Christianos
1082 2269 1147 2319 saepo

78 2330 225 2393 spoliabant
239 2346 246 2376 ε
262 2324 363 2385 fideles,
375 2324 424 2373 hoc
436 2326 463 2373 in
477 2336 538 2374 casu
548 2362 554 2386 ,
564 2329 674 2375 armavit
684 2328 755 2388 quasi
769 2329 853 2385 scuto,
866 2325 968 2386 dicens,
980 2326 1002 2374 si
1015 2326 1081 2375 Deae
1098 2339 1146 2388 pro

78 2393 162 2449 nobb.
179 2398 255 2462 Nunc
276 2395 376 2445 eosdem
397 2392 483 2465 tideics
503 2394 604 2444 roborat
623 2401 711 2453 contra
729 2397 848 2451 timorem
867 2397 1011 2457 internum,
1031 2394 1145 2455 scilicet,

78 2472 170 2518 contra
185 2467 348 2517 conscientie
361 2465 513 2513 auxietatem
527 2465 558 2514 ob
572 2468 674 2527 peccata
691 2467 834 2515 commissa.
1108 2512 1111 2518 .

112 2537 177 2597 Quia
187 2535 319 2586 oocasoba't
330 2533 501 2583 Christianos?
511 2547 555 2583 seu
567 2532 658 2584 electos
670 2534 702 2582 ad
713 2533 789 2583 tidem
801 2538 825 2583 et
838 2536 945 2596 gratiam
956 2528 1145 2585 christianismi.¹

78 2607 175 2657 Omnes
182 2605 321 2658 Christiani
330 2602 362 2652 ad
369 2604 475 2665 mairam
483 2603 605 2666 complete
613 2606 672 2653 sunt
679 2603 760 2665 electi,
769 2603 886 2653 inchoate
895 2608 980 2653 autem
987 2603 1019 2652 ad
1027 2602 1144 2664 gloriam:

78 2679 110 2728 de
124 2674 298 2728 electione'ad
309 2677 414 2736 gratiam
424 2673 467 2723 blo
479 2675 530 2735 agit
541 2673 682 2737 Apostolus.
693 2675 758 2723 Deus
768 2674 948 2736 qoijustificoi.
961 2673 1003 2723 Gr.
1015 2672 1080 2722 licus
1090 2675 1146 2732 jus-

78 2748 198 2808 tificans,
212 2745 301 2805 idest,
313 2742 378 2794 Deus
388 2746 440 2807 ipse
448 2743 494 2793 hos
504 2743 595 2792 eleetos
604 2744 619 2791 d
628 2745 738 2806 peccatis
749 2743 855 2793 absolvit
865 2746 978 2805 etiustos
988 2743 1145 2806 pronuntiet.

111 2832 151 2881 ai.
167 2828 232 2895 Quis
250 2832 285 2876 est
305 2826 350 2891 qui
369 2827 525 2875 condemnet?
544 2824 587 2874 Gr.
605 2826 663 2887 quis
678 2826 871 2876 condemnans?
888 2826 1002 2875 Christus
1017 2830 1145 2884 mortuus,

80 2901 163 2961 magis
173 2897 251 2958 verb,
263 2901 288 2946 et
298 2897 484 2956 excitabamur
494 2899 519 2943 et
530 2898 568 2944 est
577 2897 604 2944 in
616 2894 716 2945 dextera
726 2895 771 2945 liei
783 2908 790 2942 ι
802 2895 828 2944 id
841 2897 957 2957 est,quis
969 2895 1147 2944 condemnabit

80 2973 145 3023 eos?
158 2982 194 3018 an
213 2967 329 3018 Christus
341 2964 432 3014 iesusr
444 2965 466 3013 Is
477 2965 530 3026 lpse
542 2967 579 3013 est
599 2966 642 3025 qui
661 2977 706 3027 pro
723 2965 795 3014 nobis
809 2967 925 3013 mortuus
940 2967 978 3013 est
986 2983 993 3025 ς
1006 2966 1049 3025 qui
1066 2964 1146 3014 nostri

81 3037 159 3088 causa
180 3037 347 3086 resuscitatus
361 3037 398 3082 est
410 3053 416 3082 ε
430 3034 568 3092 nimirum,
588 3039 616 3081 ut
634 3032 666 3081 ad
680 3033 808 3082 dexteram
822 3032 866 3082 liei
886 3032 990 3095 sedens,
1006 3033 1147 3096 interpellet

82 3119 127 3170 pro
139 3107 228 3166 nobis,
243 3107 406 3164 nostramque
417 3102 524 3151 salutem
537 3102 587 3150 lieo
600 3102 767 3151 commendet.

372 3211 530 3261 Oassavrrro
541 3223 650 3260 noricis
665 3211 692 3260 in
707 3211 751 3260 bos
763 3223 858 3280 vasae.

115 3315 168 3364 lieu
182 3309 278 3363 mbam
292 3311 337 3363 llol
352 3311 506 3361 bonitatcmt
522 3309 537 3359 b
552 3323 664 3360 amorem
684 3295 854 3360 ineilabilemi
871 3309 943 3360 Pater
954 3313 1061 3373 proprio
1081 3312 1148 3362 Filio
1249 3371 1252 3375 Δ

85 3397 131 3432 ano
142 3397 192 3432 ooo
203 3381 343 3445 pepercit...
356 3380 469 3442 Spiritus
488 3381 594 3429 soncior
607 3393 654 3442 pao
665 3380 737 3430 nobie
744 3376 860 3443 portabat
868 3380 1000 3443 comitibus
1016 3381 1149 3435 iconomo»,

88 3451 181 3502 abaco
193 3472 202 3501 .·
212 3451 294 3500 Filiae
307 3463 355 3512 pro
372 3449 444 3499 nobis
456 3454 571 3498 mortuus
583 3455 626 3508 coi,
638 3449 726 3511 idest,
738 3453 838 3513 propter
849 3454 935 3499 nostra
946 3449 1036 3499 delicta
1047 3464 1150 3511 necar-

88 3524 150 3571 resa
167 3527 272 3585 propter
292 3525 406 3570 nostram
421 3519 643 3582 justificationem,
661 3519 786 3581 nobisque
804 3519 950 3581 resurgendi
968 3532 1039 3582 spem
1052 3523 1152 3569 certam⁴

90 3590 171 3653 dedit3
181 3592 261 3641 nostrl
271 3589 349 3641 oausd
361 3588 431 3638 sedet
440 3588 473 3638 ad
486 3588 614 3639 dexteram
625 3588 669 3638 liet
677 3588 773 3650 Patris3
784 3593 812 3639 ut
823 3588 943 3650 regnandi
955 3601 1015 3638 cum
1026 3584 1068 3636 illo
1077 3599 1148 3648 spem

94 3659 302 3720 nobiserbibeat;
314 3657 448 3707 intercedit
459 3671 504 3721 pro
520 3658 607 3719 nobis,
626 3662 749 3718 tanquam
768 3657 919 3719 advocatum
940 3657 1070 3708 cicatrices
1089 3667 1147 3706 suas

96 3723 156 3777 iniri
166 3727 301 3789 exbibens,
313 3728 386 3789 quasi
398 3739 456 3787 ora,
467 3727 559 3788 quibus
573 3726 715 3790 interpellat
726 3727 856 3778 continuet

127 3794 180 3856 Quis
193 3800 300 3848 timenti
314 3799 373 3859 quis
388 3809 441 3847 non
454 3798 554 3859 speret?

129 3861 182 3922 lota
194 3869 281 3916 sancia
295 3865 406 3914 Trinitas
424 3877 470 3913 nos
484 3866 567 3924 amat,
581 3862 661 3924 toret,
676 3866 867 3926 tuetu13quem
883 3860 924 3914 rel
940 3862 1085 3922 bominem,
1107 3858 1146 3910 vei

106 3927 219 3984 dbboium
229 3933 386 3997 timeamust
398 3931 455 3997 qais
466 3931 674 3998 occaeobiiiileo
685 3932 841 3996 absolvente,
853 3933 949 3996 Spiritu
965 3930 1059 3981 Sancto
1073 3927 1147 3986 adiu·
