2520 4440
342 243 512 293 iuretur
530 244 757 298 dxeosirlo.
776 247 857 300 CAP.
877 249 927 300 IX.
1112 251 1165 303 123

132 337 160 389 6.
180 337 243 390 Non
263 342 358 392 autem
375 337 452 405 quod
468 338 544 391 exci—
595 340 665 391 Licet
677 346 778 403 autern,
792 345 820 393 ut
835 342 887 392 diri
903 342 1054 405 magnopere
1066 343 1165 395 doleam

99 413 170 466 derit
181 414 302 468 verbum
317 416 384 481 [κῃ
398 417 543 469 nonenim
567 413 592 458 et
608 410 746 460 discruciet
762 412 793 460 ob
808 410 954 463 Judaeorurn
976 413 991 462 1
1000 414 1098 473 iustitia
1120 425 1164 462 cs-

99 506 197 545 0mnes
211 493 262 560 qui
276 507 311 546 01
328 493 412 547 psragp
423 499 505 559 sunt,
523 495 543 547 fi
566 494 638 542 sum;
654 492 706 531 non
719 481 775 531 lded
787 483 868 543 sentio
880 481 948 544 quod
963 484 1041 532 irritae
1053 485 1105 532 sint
1119 482 1164 531 bei

99 574 162 623 sum
174 569 310 623 {3301stae
323 586 331 622 :
565 552 743 614 promissIones
754 549 860 603 abraha
873 546 944 601 iactae
954 586 961 609 ,
970 562 1015 612 pro
1026 549 1162 600 Israelitis:

431 622 434 631 '
564 633 617 669 uon
631 622 815 682 enimomnes,
828 619 871 682 qul
882 632 912 668 ex
923 616 1012 679 israele
1024 621 1077 687 nati
1090 621 1163 678 sunt,

565 691 618 738 veri
634 684 694 739 sunt
703 687 837 748 israelites,
848 687 881 739 ad
892 699 955 750 quos
966 688 1062 749 spectet
1077 684 1165 735 divina

581 769 708 806 romrssro.

131 821 273 886 arteque
291 821 340 888 qui
360 835 456 874 semen
477 825 541 874 sunt
564 770 678 887 Ι)11ε<;ιιε
692 836 793 883 omnes,
804 826 848 886 qui
869 825 930 873 sunt
948 834 978 872 ex
997 821 1102 877 abrahae
1122 833 1163 872 se-

98 896 229 961 dbrahae,
252 899 410 953 omnesfflii
427 898 540 951 :sedin
564 897 649 954 mine,
668 893 725 942 ideo
741 897 878 943 censentur
900 893 1074 955 promissionis
1098 888 1162 949 lilii;

98 976 173 1026 mac
183 975 332 1029 vocabitur
343 975 393 1029 fibi
405 989 501 1030 semen
516 993 523 1028 :
564 962 622 1022 sed,
636 966 664 1011 ut
682 962 709 1010 ln
724 961 854 1025 Scriptura
868 961 1016 1010 dictumest
1034 959 1139 1009 Abrahae
1154 979 1160 1007 :

564 1032 591 1079 in
603 1030 688 1092 lsaac,
702 1032 746 1092 qui
758 1043 788 1079 ex
807 1033 900 1079 virtute
914 1029 1000 1078 divina
1011 1066 1017 1089 ,
1028 1033 1053 1077 et
1063 1041 1107 1091 per
1123 1040 1163 1077 re-

563 1102 756 1163 promissionem
767 1100 812 1149 tibl
822 1105 898 1150 natus
916 1102 967 1160 est,
976 1100 1108 1162 posteritas
1117 1101 1162 1147 tua

503 1228 506 1235 Ι
564 1168 716 1218 censebitur.

127 1236 154 1287 8.
168 1234 202 1287 ld
215 1239 276 1298 est,
290 1249 348 1289 non
359 1235 407 1302 qui
416 1235 463 1288 diii
479 1250 540 1289 car·
594 1235 647 1296 Quo
658 1236 734 1284 verbo
747 1234 814 1284 lleus
829 1233 980 1296 signidcavrt
993 1235 1007 1282 d
1018 1246 1044 1283 se
1059 1235 1085 1282 in
1096 1232 1162 1282 illios

95 1311 153 1376 nis,
170 1311 202 1363 hi
217 1311 268 1371 diii
284 1312 334 1365 Dei
342 1329 352 1376 ;
368 1312 418 1365 sed
431 1312 480 1379 qui
492 1313 539 1365 filii
563 1305 689 1367 reputari,
707 1316 760 1352 nou
773 1316 837 1364 quos
852 1315 910 1352 caro
926 1304 1029 1364 genuit,
1042 1300 1086 1351 sed
1098 1313 1161 1362 quos

121 1465 223 1527 Deum,
236 1467 269 1517 ob
277 1444 317 1516 tot
330 1472 355 1517 et
365 1471 436 1517 tanta
451 1467 498 1516 tibi
510 1467 599 1517 collata
616 1449 753 1529 benellcia,
771 1467 891 1528 benedic,
904 1478 976 1528 ama,
992 1465 1067 1515 lauda
1078 1467 1106 1522 in
1122 1444 1161 1515 se-

94 1535 160 1586 onla
180 1535 266 1586 Vitam
280 1536 331 1586 duc
341 1537 391 1586 ileo
403 1536 523 1598 dignam,
537 1539 579 1586 cui
595 1541 632 1586 tot
645 1537 755 1587 vinculis
767 1539 854 1587 unitus
866 1550 901 1587 es.
913 1536 979 1586 Cave
990 1549 1023 1587 ne
1033 1538 1061 1587 ln
1072 1539 1161 1587 mortis

92 1605 170 1668 bora,
182 1606 239 1661 lraee
250 1609 302 1657 sint
315 1609 419 1670 maioris
432 1612 483 1657 tue
494 1607 664 1671 damnationis
676 1611 783 1658 occasio.

122 1694 152 1741 6.
161 1690 221 1740 Nos
229 1695 316 1741 aarum
331 1689 399 1751 cuod
408 1689 637 1743 uscudamam
648 1690 695 1740 Dei
696 1723 786 1740 .........
793 1690 837 1740 Gr.
851 1701 903 1739 non
917 1689 973 1739 deri
984 1692 1161 1752 potestantem

92 1759 161 1820 quod
176 1759 314 1819 exciderit,
322 1763 370 1809 etc.
382 1759 438 1822 Syr.
450 1762 612 1820 nequeenim
628 1772 730 1822 prorsus
743 1760 835 1808 excidit
846 1771 928 1808 sermo
938 1758 991 1808 Dei.

121 1827 251 1878 Praermit
270 1827 404 1890 Apostolus
420 1828 603 1890 objectionem,
615 1842 671 1891 quas
690 1832 778 1878 contra
792 1831 872 1891 ipsius
888 1827 1000 1878 dolorem
1015 1829 1046 1878 ob
1061 1827 1160 1878 iuduc-

92 1908 150 1946 rum
162 1898 178 1946 1
189 1896 273 1946 salute
282 1897 409 1960 repulsam
421 1897 475 1947 lieri
492 1901 592 1961 potestt
605 1900 729 1947 nimirum
744 1897 810 1946 Deus
828 1898 944 1959 promisit
961 1895 1080 1956 libralia,
1093 1896 1160 1957 quod

91 1965 161 2017 iiilus
179 1979 270 2017 semen
286 1967 468 2029 multiplicaret
483 1959 550 2017 sicu't
562 1967 646 2021 stellas
657 1966 730 2028 coeli;
746 1971 772 2016 et
787 1966 855 2028 quod
870 1965 951 2015 faedus
969 1979 1029 2014 cum
1039 1964 1083 2014 iilo
1097 1976 1160 2014 con-

93 2038 204 2085 tractum
218 2039 285 2085 esset
303 2039 426 2085 eternum
444 2037 589 2098 :quomodo
605 2038 691 2097 itaque
703 2035 787 2096 doles,
802 2038 831 2083 ut
841 2036 898 2096 als,
911 2034 943 2083 ob
958 2036 1073 2083 nostrum
1085 2034 1100 2082 d
1114 2032 1158 2082 liei

91 2106 171 2166 gratia
184 2119 290 2167 casum,
307 2110 333 2156 et
346 2108 487 2156 nostramd
502 2106 583 2156 salute
594 2105 739 2169 repulsam?
752 2119 786 2155 an
798 2117 855 2166 ergo
865 2109 940 2167 putas
954 2103 1021 2166 quod
1039 2102 1160 2153 exciderit

91 2175 139 2241 liei
149 2176 275 2237 verbum,
292 2181 318 2226 εῖ
335 2178 413 2227 irritae
428 2176 501 2227 iacta
513 2179 565 2227 sint
577 2176 646 2226 lilius
664 2177 859 2240 promissiones?
869 2175 934 2224 lluic
949 2186 1007 2236 ergo
1025 2173 1158 2233 objectioni

90 2245 229 2308 respondet
247 2245 390 2308 Apostolus.
889 2293 892 2301 .

86 2354 90 2359 .
120 2314 193 2364 Licet
203 2314 304 2365 dabam
316 2319 341 2364 et
351 2327 502 2378 magnopere
514 2316 652 2367 discrucior
662 2316 694 2366 ob
705 2315 849 2369 iudeorum
861 2313 982 2375 diustitia
997 2325 1096 2374 casum,
1105 2324 1157 2363 non

91 2382 147 2432 ideo
161 2386 259 2445 sentio,
276 2384 344 2445 cuod
360 2386 439 2434 irrita
452 2387 502 2435 sint
513 2385 557 2434 liei
569 2387 747 2447 promissiones
754 2383 861 2435 abraba
877 2383 950 2435 lacte
962 2403 968 2432 ι
981 2385 1040 2446 qula
1051 2382 1157 2443 scilicet,

90 2452 141 2503 lllts
152 2454 199 2504 Dei
212 2456 392 2516 promissiones
401 2468 453 2505 non
468 2457 596 2518 pertinent
607 2455 639 2504 ad
650 2468 751 2515 omnes,
762 2456 807 2517 qul
818 2467 848 2504 ex
859 2453 949 2504 israele
961 2455 1016 2513 nati
1029 2456 1089 2506 sunt
1094 2472 1102 2515 ;
1113 2452 1157 2502 sed

89 2520 123 2573 ad
133 2521 211 2583 illos,
223 2525 267 2584 qui
279 2522 355 2572 iidem
366 2523 463 2573 israelis
479 2525 621 2583 imitantes,
632 2525 686 2573 veri
697 2524 763 2575 dunt
778 2523 905 2575 israelitae.

117 2591 183 2641 liota
196 2591 266 2653 dudd
279 2592 344 2642 Deus
360 2592 466 2643 Abrabae
482 2592 541 2642 liliis
556 2592 669 2656 duplices
683 2595 824 2655 promiserit
840 2592 1044 2654 benedictiones,
1059 2595 1156 2652 tempo·

89 2660 155 2711 raios
166 2661 267 2712 scilicet
275 2698 282 2722 ‚
291 2666 317 2710 et
326 2663 469 2724 spirituales
481 2682 487 2711 ι
497 2662 647 2725 temporales
657 2663 773 2726 paridem,
785 2663 888 2713 deterra
895 2676 921 2712 v.
931 2675 954 2725 g.
966 2663 1088 2724 promissa
1099 2671 1155 2723 pos·

88 2730 208 2795 delenda,
216 2730 284 2781 Deus
293 2733 320 2796 ln
332 2730 475 2783 carnalibus
486 2735 563 2781 etlam
574 2732 680 2782 Abrahae
691 2733 750 2783 lillis
761 2732 908 2795 adimplevit
914 2752 923 2794 ς
933 2728 1076 2795 spirituales
1085 2725 1152 2786 verb,

89 2799 121 2851 de
133 2802 221 2862 gratia
231 2801 372 2863 nimirum,
382 2804 410 2852 in
423 2801 484 2851 solis
494 2802 680 2865 spiritualibus,
697 2803 723 2852 id
738 2806 790 2864 est,
802 2801 979 2861 credentibus,
989 2797 1119 2861 adimplet.

118 2870 181 2920 Esto
195 2871 282 2932 ltaque
298 2869 366 2931 quod
378 2871 406 2919 in
423 2870 548 2933 plerisque
565 2871 708 2921 carnalibus
722 2871 827 2920 Abrahae
838 2869 897 2920 liliis
913 2868 1035 2923 exciderit
1049 2864 1154 2916 verbum

88 2938 144 3003 uer,
156 2940 191 2989 de
201 2939 376 3003 spiritualibus
385 2940 603 2990 benedictionibus
617 2960 624 2990 ι
637 2940 681 2991 sed
692 2954 744 2992 non
755 2940 847 2992 excidit
857 2942 885 2989 in
895 2937 1066 3003 spiritualibus
1075 2935 1155 2987 Abra·

88 3007 130 3060 liar
142 3008 219 3071 uiris,
236 3007 263 3057 ld
273 3012 329 3070 est,
343 3008 468 3059 fidelibus.

119 3078 178 3128 lion
190 3078 258 3129 mim
271 3091 372 3138 umes,
388 3078 433 3141 qui
448 3092 477 3129 ec
490 3079 582 3130 broce
596 3080 652 3130 acti
667 3086 739 3138 suut,
752 3082 806 3140 reri
824 3085 881 3129 suut
891 3076 1030 3136 brucum
1044 3075 1077 3124 ad
1092 3087 1155 3137 quos

89 3147 189 3198 scilicet
202 3150 302 3210 spectat
320 3147 406 3202 drino
419 3151 550 3212 promissio
568 3149 622 3200 aad
636 3149 702 3200 solos
717 3153 786 3200 enim
799 3146 942 3214 spirituales
959 3144 1065 3216 Abrabae
1079 3149 1105 3194 et
1116 3145 1154 3194 is-

89 3216 165 3269 raelis
175 3216 243 3267 illios
258 3218 369 3281 pertinet
378 3217 520 3268 benedictio
533 3223 558 3269 et
567 3219 700 3270 hareditas
711 3222 843 3283 promissa.

119 3303 145 3350 ⁷.
156 3300 243 3362 Neque
257 3299 390 3363 paemen
400 3305 459 3350 suut
468 3301 616 3352 dieculam...
627 3301 669 3352 Gr.
682 3315 764 3363 neque
772 3303 832 3363 qula
842 3337 849 3361 ,
858 3303 907 3352 etc.
920 3299 975 3362 Syr.
987 3298 1154 3358 nequeetiam

88 3371 143 3431 sul,
158 3374 210 3419 etc.
221 3369 249 3419 id
262 3372 316 3429 est,
329 3380 411 3430 neque
421 3380 510 3421 omnes
519 3373 566 3432 qul
576 3384 606 3420 ex
619 3373 716 3422 semine
724 3375 784 3421 sunt
797 3369 919 3430 librabo,
930 3368 986 3417 ideo
1002 3368 1153 3421 censentur,

88 3435 134 3488 filil
150 3438 343 3502 promissionis,
358 3437 392 3487 ad
407 3451 472 3500 quos
483 3443 579 3502 spectet
593 3438 727 3489 hareditas
746 3438 852 3488 Abrahae
863 3457 870 3486 ι
882 3437 945 3486 alias
960 3431 1049 3485 ismael
1063 3435 1087 3480 ot
1105 3429 1153 3477 Ge-

88 3506 173 3559 uma
185 3507 290 3569 tilii,-et
299 3507 368 3557 &aa
382 3511 580 3576 promissionum
590 3512 673 3559 essent
686 3509 822 3572 participes
836 3525 843 3557 ε
858 3505 926 3569 quod
940 3503 1020 3556 Judaei
1038 3511 1089 3548 nou
1105 3495 1152 3544 ed-

89 3578 207 3626 mittunt.

113 3647 206 3709 ,Sedis
216 3647 323 3712 irasc...
335 3644 380 3695 sed
389 3645 486 3703 dictum
501 3651 539 3697 est
556 3646 680 3709 abraha,
696 3646 786 3698 denes.
804 3646 844 3694 21.
856 3646 893 3693 it.
904 3643 932 3692 ic
944 3639 1031 3696 isoes,
1047 3645 1091 3683 seu
1106 3641 1152 3692 ier

88 3712 172 3777 unc,
181 3715 228 3778 oui
243 3715 413 3780 promissione
423 3715 467 3772 per
486 3721 561 3768 naras
572 3719 610 3766 est
620 3716 667 3767 uer
677 3718 733 3767 seur
743 3718 768 3765 er
782 3713 849 3766 sare
859 3709 954 3770 staur,
965 3703 1095 3771 pueritie
1106 3702 1152 3746 tua

89 3785 245 3841 eenmbltm.

118 3871 143 3918 8.
157 3871 186 3919 id
198 3874 249 3928 eet,
262 3881 316 3918 son
326 3868 372 3930 put
381 3868 552 3932 didiceritis...
566 3846 673 3933 explieat
685 3869 806 3919 latentem
818 3865 904 3914 bacin
915 3870 942 3909 re
953 3856 1071 3915 duarum.
1079 3846 1151 3904 (imi

90 3937 184 4000 limi
195 3951 204 3992 t
217 3938 272 3997 11oe
281 3936 414 4000 ,signidem
428 3937 484 3991 illos
493 3941 509 3991 1
517 3939 567 3992 lieo
579 3940 691 4006 reputari
706 3934 785 3997 ilios,
797 3944 849 3984 non
857 3929 901 3994 qul
909 3938 940 3978 ax
950 3928 1042 3979 serm,
1053 3911 1095 3963 Μ
1105 3912 1151 3973 1111
