2520 4440
99 245 151 296 ato
289 240 419 292 PRIMAE
438 236 642 290 nrlsrohrtt
661 233 709 285 ΔΙ)
727 224 968 285 CORINTHIOS

99 340 184 386 omnio
208 334 259 384 mei
281 346 404 383 memores
427 335 495 392 sitis,
515 336 540 380 et
554 328 692 392 quarobis
717 333 791 389 tres,
812 324 892 392 qrrdd
916 334 967 388 per
994 315 1084 371 omnia
1099 313 1146 368 mci

100 405 252 456 obseruanda
263 401 371 463 tradidi,
386 414 460 464 opere
470 400 624 462 compleatis.
716 416 854 457 memores
865 401 947 462 estis;
959 402 988 449 et
999 396 1069 448 sicut
1079 393 1147 444 tradi-

716 481 745 534 di
756 480 851 542 vobis,
861 481 1004 543 praecepta
1015 487 1076 524 mea
1084 476 1148 522 teno-

719 559 762 611 tis.

130 643 179 694 Sed
190 649 308 707 praterea
322 654 367 691 vos
380 643 444 691 scire
455 640 531 690 selim
542 677 549 700 ,
560 638 628 701 quoa
639 649 695 687 om·
752 639 779 688 5.
793 634 861 686 Volo
883 635 982 682 autern
1000 640 1051 679 vos
1073 624 1148 710 scire,

100 713 141 762 nis
164 714 213 761 riri
233 715 309 775 caput
327 723 356 760 ac
371 712 484 772 superior
506 711 544 758 est
567 707 695 766 Christus3
719 711 796 780 quad
806 708 899 762 omnis
910 707 965 759 viri
979 702 1150 770 capulatus

99 820 1149 852 *Μ

131 912 231 960 Transit
245 911 277 959 ad
297 910 502 968 reformationes,
521 907 655 968 dequibus
673 907 700 953 ln
711 901 807 964 aaalysl
821 920 829 949 r
844 904 869 948 et
879 910 930 975 pro
946 907 996 945 suo
1009 903 1080 942 more
1089 888 1151 973 [Μία

102 980 170 1028 brevi
190 979 278 1038 laude,
295 978 486 1027 Corinthiorum
505 975 706 1025 benevolentiam
724 971 794 1035 prius
811 971 934 1031 occupat,
956 968 988 1014 ut
1004 965 1152 1013 correctura

101 1049 219 1099 duritiem
230 1050 351 1110 tantisper
364 1045 483 1096 emolliat.

133 1124 219 1171 Laudo
231 1136 292 1179 ooo,
312 1123 410 1182 inquit,
428 1120 495 1182 quod
513 1133 558 1182 per
569 1119 654 1168 omnio
668 1119 718 1166 met
730 1127 850 1165 memores
865 1112 933 1160 sitis
942 1109 1009 1160 Vide
1019 1106 1151 1170 Paraphns

131 1191 189 1240 llaee
201 1190 256 1240 laus
270 1190 300 1239 de
314 1191 387 1239 bonis
399 1193 424 1238 et
438 1190 642 1253 perfectioribus,
654 1186 739 1248 quales
750 1188 823 1234 eraut
835 1182 926 1242 multl,
941 1177 1152 1260 intelligendum

101 1264 187 1308 nutem
206 1261 356 1309 cordatiores
373 1259 477 1320 laudat,
493 1264 521 1308 ut
539 1264 564 1308 et
587 1257 649 1306 alios
665 1257 714 1307 hdo
732 1253 806 1304 laude
820 1254 943 1316 provocet
956 1249 992 1300 ad
1002 1247 1153 1298 tradlhmuat

102 1329 295 1378 observandam.

132 1397 178 1445 lllc
190 1401 280 1446 notant
298 1399 380 1447 saneti
391 1397 491 1457 Patres,
504 1396 696 1458 chrysostomus
708 1399 733 1444 et
747 1393 808 1452 alii,
824 1389 893 1451 qabd
907 1388 994 1438 multa
1006 1390 1063 1438 siae
1076 1387 1151 1449 scripto

95 1464 252 1513 'tradiderint
263 1465 388 1528 Apostoli,
401 1471 427 1514 ct
439 1478 495 1527 quae
508 1469 594 1514 tamen
613 1470 685 1513 eant
700 1459 840 1513 necessario
854 1457 979 1508 tenenda.

133 1550 156 1594 3.
172 1546 231 1595 Volo
244 1554 327 1597 autem
337 1563 381 1598 ooo
391 1551 484 1600 seire...

133 1628 253 1677 Nouium
267 1642 300 1677 aa
317 1630 696 1682 murmuratorum-Primam
714 1626 857 1692 aggreditur
872 1623 1102 1685 reformationem,
1114 1623 1152 1673 sei·

104 1691 163 1745 iicet
175 1695 206 1745 de
218 1696 331 1747 velandis
347 1699 496 1749 mulieribus
512 1703 539 1750 ln
552 1701 661 1763 publicis
678 1697 853 1748 conventibus.

132 1764 179 1818 Pro
197 1779 246 1827 qua
260 1769 400 1817 notandum
416 1770 513 1832 primo,
530 1770 597 1832 quod
618 1769 691 1820 valde
710 1766 848 1817 verisimile
867 1767 920 1825 sit,
932 1763 1005 1826 quod
1019 1763 1152 1813 cordatus

104 1836 384 1899 dorrntaitpuaesierim
402 1840 458 1890 tl).
480 1841 574 1902 Paulo,
589 1845 618 1889 ut
639 1841 760 1890 statueret
777 1837 808 1885 de
827 1835 905 1885 modo
921 1835 1017 1884 orandi
1032 1832 1152 1897 puhlictiu

103 1905 214 1966 templo,
228 1911 423 1968 coopertorem
435 1916 551 1972 cooperto
568 1912 669 1972 capitol

133 1973 247 2036 bospite
258 1979 327 2026 enirn
339 1981 445 2040 septimo
457 1983 508 2041 agit
521 1981 551 2029 de
567 1982 598 2029 iis
608 2016 615 2038 ,
627 1979 658 2028 de
671 1978 763 2038 qulbus
774 1976 806 2025 ad
817 1988 878 2025 eum
892 1976 1065 2035 seripserunt.

133 2041 261 2104 Secundd,
274 2047 368 2095 mirum
387 2060 439 2095 non
459 2048 548 2097 debere
560 2047 638 2097 videri
648 2085 655 2106 ,
667 2049 687 2095 si
700 2051 788 2096 contra
799 2044 936 2107 pudorem,
946 2041 1072 2092 mulieres
1081 2039 1153 2091 Corin

104 2111 176 2171 thia,
186 2117 272 2174 aperto
285 2115 358 2165 vultu
370 2120 395 2164 et
408 2119 489 2178 capite
502 2117 664 2178 loquerentur
678 2119 704 2164 in
719 2114 823 2176 templo.

133 2181 268 2232 Corinthus
278 2220 285 2243 ,
297 2188 325 2231 ut
335 2186 388 2244 jam
399 2185 496 2234 dietum
510 2190 563 2244 est,
575 2187 664 2234 civitas
675 2188 729 2232 crat
740 2183 831 2231 Veneri
845 2182 944 2240 dicata,
953 2183 983 2230 ln
997 2193 1050 2243 qua
1060 2181 1154 2242 turpltu

104 2248 194 2297 dirum
206 2254 276 2310 erat,
290 2266 342 2300 non
354 2253 454 2302 tantdm
465 2257 549 2303 omnis
559 2254 676 2312 licentia,
688 2251 732 2300 sed
743 2256 769 2300 et
781 2251 873 2300 honor.
886 2250 952 2299 Vide
964 2263 1024 2312 cap.
1037 2253 1062 2298 d.
1072 2251 1098 2297 in
1108 2247 1154 2296 tine.

133 2315 198 2364 llinc
216 2317 351 2368 Corinthia
370 2325 441 2369 erunt
453 2322 626 2383 impudentes,
640 2322 733 2382 apertis
750 2318 840 2378 vultu,
855 2317 940 2367 oculis
959 2322 987 2367 et
1006 2319 1090 2379 capite
1103 2318 1156 2365 iaco

104 2382 189 2431 dentes
199 2420 205 2443 ,
215 2398 337 2446 suamque
350 2387 457 2436 sormam
471 2394 632 2439 ostentantes.

134 2451 165 2497 Et
183 2455 242 2510 qrria
258 2453 300 2502 bic
317 2468 373 2504 mos
397 2460 451 2505 erat
471 2461 568 2518 patrias
586 2463 611 2508 et
630 2458 744 2507 Corinthi
767 2456 860 2506 decens
882 2455 1048 2515 habebatur,
1063 2454 1120 2503 hinc
1138 2454 1157 2501 ct

104 2517 251 2569 Christianae
267 2535 324 2571 eura
341 2527 413 2584 quusi
429 2529 541 2586 patrium
556 2529 602 2576 sibi
617 2525 779 2575 retinendum
793 2525 930 2586 putabant.

133 2586 181 2634 Sed
192 2588 221 2636 b.
234 2589 326 2641 Paulus
343 2595 413 2654 virgo
430 2598 457 2641 et
468 2597 584 2655 puritatis
604 2601 717 2654 amator,
729 2597 773 2655 qui
792 2593 990 2643 Corinthiorum
1009 2596 1159 2644 scortationes

104 2660 155 2704 tam
166 2659 257 2707 acriter
268 2661 295 2707 in
307 2674 362 2722 cap.
381 2667 404 2710 6.
417 2664 554 2713 insectatus
566 2667 619 2723 est,
636 2663 705 2711 hunc
716 2675 815 2710 rnorem
827 2699 834 2722 ,
846 2664 1010 2723 impuritatis
1026 2663 1160 2712 tructumet

104 2725 229 2787 radicem,
241 2730 341 2789 penitris
357 2733 479 2793 imputat,
493 2733 608 2781 trolamcn
621 2732 774 2793 imponendo
790 2731 955 2782 mulieribus.

133 2794 275 2845 Notandum
287 2799 360 2847 tertid
370 2837 376 2860 ,
386 2800 453 2860 qudd
469 2804 536 2850 cirea
547 2804 615 2852 viros
628 2803 714 2849 varius
730 2801 807 2849 fuerit
818 2813 884 2861 mos,
895 2803 923 2849 in
935 2804 1018 2851 variis
1031 2800 1161 2862 regionibus

105 2867 129 2910 et
140 2866 293 2924 temporibus
304 2888 311 2928 ;
326 2873 351 2917 ct
366 2872 504 2930 unicuique
516 2871 694 2920 consuetudini
706 2884 752 2919 saa
765 2884 817 2919 non
829 2870 917 2919 deerat
929 2874 1009 2920 ratio.

134 2931 205 2991 Apud
226 2933 338 2996 ludaeos,
361 2939 500 2990 sacerdotes
518 2945 543 2989 et
564 2940 646 2989 levitae
663 2940 803 3001 intemplo
823 2945 898 2989 erant
917 2945 990 2990 tecto
1005 2943 1098 3003 cupite.
1113 2937 1162 2987 ilde

105 2999 180 3047 Erod.
193 3004 230 3049 28.
245 3007 284 3050 37.
295 3005 418 3055 Ezechiel.
434 3009 471 3056 it.
489 3013 515 3058 18
528 3046 535 3068 ,
546 3008 608 3058 iortd
621 3010 681 3068 quia
693 3013 756 3057 tnnc
767 3011 855 3057 omnia
869 3012 939 3058 tecta
954 3015 981 3059 et
995 3011 1113 3060 obseura.

120 3130 122 3135 k
134 3066 234 3116 Grotius
250 3074 327 3120 uariis
338 3076 498 3124 citationibus
518 3077 561 3126 hic
581 3079 669 3139 probat
681 3076 748 3138 qudd
764 3077 864 3136 Graeci,
885 3083 977 3139 aperto
991 3082 1078 3141 capite
1087 3115 1094 3138 ,
1104 3087 1164 3126 nera

105 3137 272 3250 peragebant,
286 3141 378 3202 idque,
390 3147 419 3192 ut
436 3146 579 3195 indicarent
594 3146 780 3209 occupatam,
797 3150 853 3197 sinc
871 3153 947 3198 metu
969 3152 1003 3198 et·
1012 3149 1110 3212 pudore
1124 3147 1164 3196 boo

105 3214 234 3251 scrvrron.

135 3269 302 3323 Theodoretus
312 3278 397 3326 tamen
408 3278 510 3330 Graecus
524 3283 595 3342 dicit,
606 3282 675 3344 qudd
686 3283 840 3344 Christiani,
854 3296 941 3345 macco
956 3297 1033 3336 moro
1041 3322 1048 3347 ‚
1056 3290 1083 3335 et
1092 3293 1167 3335 mmet

105 3337 237 3453 {Lahebsnt
254 3346 278 3390 et
292 3350 377 3405 operta
397 3350 479 3408 capita
500 3350 638 3411 habentes,
654 3352 735 3402 Deam
750 3353 867 3401 orabant.
889 3353 965 3402 ldem
983 3357 1024 3404 ait
1043 3354 1168 3416 Theophr-

129 3418 193 3453 eus.

117 3472 225 3553 'thaeus
238 3476 374 3555 initaliam
384 3481 470 3530 intulit
480 3497 577 3536 morem
593 3500 663 3536 saera
677 3487 786 3537 faciendi
804 3492 873 3538 teoto
888 3494 914 3539 et
933 3491 1023 3541 velato
1038 3495 1135 3555 capltc;
1145 3492 1169 3538 ut

107 3540 189 3600 lrrgrl.
201 3543 299 3592 AEaerd.
322 3549 350 3605 3,
363 3547 435 3597 docet
446 3586 452 3609 ,
465 3555 531 3613 sive,
544 3568 576 3602 ae
594 3556 661 3617 quod
674 3557 773 3606 malum
786 3571 893 3607 omnem
909 3561 997 3610 oculis
1011 3567 1059 3611 aut
1074 3561 1169 3610 auribus

4 3655 8 3664 ¹
105 3606 247 3666 obveniret;
264 3611 332 3669 sire,
349 3618 377 3660 ut
394 3614 541 3668 Plutarchus
559 3621 573 3669 a
592 3622 734 3673 Fromondo
749 3627 843 3675 citatus
856 3629 907 3686 ait,
924 3633 956 3677 ut
969 3642 999 3679 se
1009 3628 1169 3679 bumdnroat

106 3679 130 3721 et
146 3675 324 3732 subjectionem
340 3693 412 3730 suam
427 3684 459 3731 ad
477 3686 556 3736 Deum
573 3695 735 3742 testarentur.

135 3739 259 3800 Quidquid
272 3746 304 3793 sit
314 3746 346 3794 de
358 3751 491 3802 nationum
504 3757 633 3818 moribus,
647 3760 784 3811 audiamus
796 3767 918 3814 sanctum
929 3765 1062 3829 Paulum,
1074 3767 1172 3830 Apotit·

106 3802 155 3853 llsa
166 3813 328 3872 auctoritate,
342 3817 403 3876 quid
418 3820 485 3881 apud
498 3836 544 3872 nos
560 3825 704 3877 laciendum
718 3833 766 3890 sit,
785 3835 956 3885 statuentem.

140 3878 199 3928 Volo
210 3888 293 3934 cutem
302 3899 346 3936 ooo
355 3890 446 3942 scire...
463 3893 488 3944 ld
502 3901 554 3958 cst,
565 3900 608 3949 sed
623 3906 744 3963 praterea
757 3916 802 3956 vos
814 3908 882 3957 scire
899 3908 1001 3972 velim,
1015 3910 1085 3974 qood
1099 3907 1171 3960 omnir
