2520 4440
304 260 484 327 'inirent
504 274 724 329 cxcosrrto.
744 277 825 330 ore.
846 278 879 328 x.
1079 275 1131 329 sos

98 361 145 418 51.
160 365 225 420 Sive
237 380 305 435 ergo
320 371 508 433 manducatis,
564 368 622 417 Sive
635 382 693 431 ergo
710 370 797 429 edatis,
810 371 862 418 sive
878 369 987 428 bibatis,
1004 370 1057 418 sive
1069 371 1130 431 quid

62 443 126 496 sive
147 443 258 509 bibitis,
273 446 331 500 sive
351 448 426 500 aliud
442 450 509 514 quid
533 437 602 486 aliud
615 437 728 499 iacietis;
746 440 832 487 omniu
844 437 877 487 ad
891 437 934 488 liei
947 436 1052 499 gloriam
1067 437 1130 488 reio-

62 519 155 646 {acilia
168 537 176 573 :
188 523 283 575 omnia
292 523 321 576 in
331 525 446 592 gloriam
461 528 509 579 uei
534 509 604 557 ¹³¹³*

72 607 90 646 a
149 634 156 648 .

90 601 147 724 egge
159 671 225 726 Sine
247 673 401 729 offensione
421 681 509 729 estote
562 677 634 728 Nulla
656 682 742 728 autem
757 678 772 726 a
787 679 858 728 vohis
873 678 969 726 oriatur
984 675 1130 725 otiensionie

63 749 183 816 iudan,
197 758 224 806 et
247 753 394 819 Gentibus,
411 760 439 807 01
454 757 509 808 Ec.
532 759 624 806 causa,
639 748 692 795 sive
711 746 821 806 ludaeis,
836 746 888 794 sire
906 742 1060 803 Gentilibus,
1076 745 1130 793 sive

63 828 158 881 ciesiae
168 829 234 891 Dei,
532 814 681 864 Christianis
694 815 822 865 iratribus.

98 909 144 960 33.
159 892 278 960 Sicut'et
289 921 341 975 ego
353 922 403 975 per
415 911 508 963 omniu
562 920 633 970 Sicut
656 924 681 969 et
700 933 745 982 ego
766 920 884 970 omnihus
903 917 1002 980 plaeere
1022 918 1128 976 studeo,

62 984 196 1037 omnihus
219 986 332 1051 placeo,
354 1000 409 1038 non
429 1002 508 1054 quae-
532 1002 582 1038 non
596 1002 711 1050 quaerens
733 989 867 1038 utilitatem
884 1000 984 1048 meam,
1001 987 1045 1036 sed
1062 987 1129 1049 quod

62 1076 130 1116 rens
141 1062 218 1130 quod
231 1064 300 1116 mihi
309 1065 376 1117 utile
388 1072 445 1124 est,
459 1067 507 1119 sed
531 1059 640 1108 aliorum
657 1059 733 1108 saluti
748 1059 857 1109 maxime
875 1058 1004 1108 conducit.

62 1139 142 1207 quod
153 1140 266 1203 multis,
280 1146 311 1193 ut
323 1142 390 1194 salvi
401 1142 477 1195 dant.

63 1316 161 1373 torum,
178 1316 269 1377 utquid
283 1317 349 1366 euim
360 1317 462 1367 libertae
472 1333 536 1376 meu,
549 1325 603 1378 etc.,·
613 1319 636 1366 ri
649 1333 702 1381 eqo,
712 1325 767 1381 etc.;
779 1318 882 1380 vultque
896 1331 949 1368 esse
967 1330 1055 1368 eorum
1067 1331 1128 1379 quo-

62 1385 198 1443 rimonias,
206 1397 269 1446 quus
281 1391 310 1435 ut
322 1387 403 1447 iustas
414 1387 526 1437 admittit
539 1387 680 1450 Apostolus.

91 1452 141 1503 Sed
152 1455 299 1515 coniunctio
313 1458 382 1504 enirn
397 1457 493 1506 indicat
506 1456 572 1518 qnod
588 1457 720 1519 Apostolus
736 1457 823 1520 prohei
837 1458 863 1507 id
872 1456 940 1519 quod
949 1457 1011 1506 dlxii
1025 1475 1031 1505 ε
1047 1456 1127 1506 Nolite

62 1523 216 1572 munducare
228 1529 333 1586 propter
344 1524 449 1575 illum...
462 1531 593 1589 etpropter
604 1529 777 1577 conscientiam
785 1528 886 1577 illiue...
898 1528 989 1591 utquid
1000 1527 1124 1587 enirm-etc.

91 1613 132 1659 31.
148 1610 273 1672 Siueereo
285 1613 473 1663 munducetis...

92 1677 261 1727 conclusione
272 1679 382 1739 generali
393 1680 509 1729 hortatur
521 1694 581 1741 eos,
599 1684 628 1730 ut
639 1683 692 1731 sive
704 1682 876 1743 manducent,
891 1684 943 1731 sive
953 1682 1057 1740 hibunt,
1073 1683 1125 1730 sivc

61 1746 122 1808 quid
137 1746 210 1795 aliud
227 1745 337 1807 iaciant3
351 1752 437 1798 omnia
457 1752 558 1811 propter
569 1750 613 1798 liei
624 1750 729 1810 gloriam
748 1751 860 1800 iaciant:
875 1741 901 1799 et
912 1753 938 1798 in
953 1749 1070 1798 omnihus
1083 1763 1126 1798 cu-

61 1819 137 1865 veant
155 1829 189 1865 ne
207 1814 313 1865 ludatur
325 1816 405 1866 honor
419 1818 481 1879 liei,
499 1823 524 1867 et
544 1818 685 1867 oiiendatur
703 1821 847 1880 proximus,
866 1821 919 1868 sive
938 1818 1056 1878 iudeus,
1072 1819 1124 1866 sivo

61 1881 248 1943 Gentilis,sive
267 1883 435 1935 Christianus.

93 1957 186 2007 Omnia
208 1964 312 2020 propter
324 1961 483 2022 semetipsum
503 1968 621 2023 operetur
638 1966 674 2009 eet
691 1961 833 2010 Dominus.-
851 1971 907 2021 ergo
926 1963 951 2008 et
968 1971 1014 2008 nos
1039 1960 1124 2008 omnia

61 2030 164 2089 propter
180 2025 253 2076 illum
266 2028 348 2077 lucere
358 2028 487 2080 dehemus.

90 2095 183 2146 Omnia
199 2096 265 2145 hona
285 2096 365 2146 dlleo
385 2099 525 2160 procedunt
545 2112 625 2160 eergo
646 2099 678 2148 od
696 2113 755 2149 eum
779 2098 922 2158 referendo3
944 2109 989 2159 per
1011 2107 1123 2146 amorem

61 2169 149 2214 omnia
165 2165 238 2214 nohis
249 2164 325 2215 donat
339 2185 346 2214 ι
358 2179 403 2228 per
413 2180 525 2217 amorem
537 2173 623 2217 omnia
634 2170 658 2217 ei
669 2168 804 2218 reddenda.

91 2255 131 2302 32.
146 2253 206 2301 Siue
217 2254 348 2313 ostensione
359 2260 471 2304 estote...
482 2256 518 2304 Ne
528 2268 683 2320 quemquam
697 2254 871 2315 offendatis5h
888 2254 958 2303 vohis
971 2253 1040 2302 nulla
1056 2254 1123 2301 orle-

59 2324 101 2372 tur
117 2334 196 2370 cansa
215 2322 374 2382 offensionis,
389 2324 516 2383 scandali,
536 2327 588 2373 sive
605 2325 715 2382 iudeis,
734 2325 777 2384 qul
790 2323 852 2371 ditm
866 2322 1021 2372 Christianos
1037 2320 1124 2370 vident

60 2391 203 2454 idolothyta
214 2392 391 2452 comedentes,
403 2393 493 2443 dieunt
505 2413 512 2443 e
527 2395 592 2445 Ecce
611 2395 737 2456 quomode
748 2394 885 2444 Christiani
898 2406 979 2442 unum
988 2391 1068 2441 Mum
1081 2403 1123 2440 ctr-

58 2461 127 2511 lunt.

91 2536 152 2585 Siue
174 2536 278 2595 drocis,
290 2537 316 2586 id
334 2542 386 2597 est,
409 2537 569 2600 inlidelihns,
587 2540 631 2599 qui
645 2537 781 2588 dicebant:
800 2537 852 2586 lloc
866 2536 925 2587 chm
940 2535 1035 2585 iaciant
1049 2533 1122 2582 Chri-

56 2606 153 2664 etiani,
169 2616 227 2666 ergo
239 2605 303 2655 nihil
314 2606 375 2656 mall
389 2610 481 2669 putant
498 2619 552 2657 esse
564 2609 591 2656 in
603 2606 752 2656 idololatria.

90 2674 150 2724 Sive
163 2674 312 2725 Christianis
333 2677 462 2736 infirmis,
479 2679 522 2737 qui
542 2676 758 2736 scandalizantur,
776 2680 800 2725 et
824 2674 970 2735 urgentibus
990 2671 1078 2731 malis,
1090 2673 1121 2720 oh

57 2743 108 2794 hoc
121 2743 196 2793 facile
210 2743 343 2806 deliciunt,
357 2744 431 2795 idolis
444 2745 627 2805 sacrificantes,
639 2751 683 2793 aut
694 2745 831 2805 idolothyta
845 2744 872 2791 ln
883 2742 984 2791 iliorum
1000 2742 1122 2790 honorem

57 2812 231 2863 comedentes.

90 2902 132 2950 33.
150 2899 221 2948 Sicut
236 2905 259 2949 et
274 2913 317 2962 eqo
331 2914 379 2963 per
390 2903 474 2951 omnio
477 2935 545 2951 .......
560 2901 675 2963 seipsum
689 2900 732 2948 dat
745 2898 902 2960 exemplum,
913 2897 965 2946 imi>
980 2897 1121 2958 exemplum

58 2970 256 3029 Christi,euius
272 2969 365 3019 Paulus
385 2971 538 3018 imitatorem
556 2981 582 3018 se
600 2970 719 3032 praebuit,
738 2968 840 3017 studens
860 2967 960 3016 nullum
979 2965 1120 3023 otienderc;

58 3051 149 3089 omnes
160 3036 298 3099 edificare,
309 3051 360 3087 non
369 3051 426 3099 quae
436 3050 481 3086 sua
493 3040 553 3086 sunt
567 3049 695 3099 quaerere3
706 3036 748 3086 sed
762 3041 881 3085 aeternam
894 3035 1003 3084 aliorum
1015 3032 1121 3083 salutem

58 3105 201 3158 commodis
217 3109 269 3156 suis
282 3107 407 3168 praeterae.

88 3176 168 3226 hivus
179 3174 370 3236 chrysostomus
380 3176 423 3224 hic
434 3177 540 3225 resumit
552 3186 640 3225 omnes
651 3187 748 3235 causes,
756 3174 787 3223 oh
797 3186 859 3234 quas
869 3173 901 3222 ab
915 3171 1058 3235 idolothytis
1066 3173 1121 3221 ahs

56 3243 198 3295 tinendum
208 3256 261 3294 esse
274 3245 337 3294 dixit
352 3243 494 3306 Apostolus.

89 3311 156 3372 Quin
169 3311 196 3360 id
206 3312 309 3373 inutile,
322 3318 346 3361 et
359 3324 574 3374 supervacaneum
583 3331 590 3371 ;
600 3315 700 3374 propter
716 3312 838 3360 damnum
854 3310 954 3370 iratris;
966 3315 1065 3372 propter
1076 3310 1120 3358 lu-

57 3379 106 3431 dret
124 3380 307 3443 blasphemiam
313 3401 320 3442 i
336 3386 436 3444 propter
456 3380 536 3430 Graeci
551 3380 769 3441 maledicentiam,
783 3381 842 3442 qnia
857 3391 886 3428 ea
908 3392 948 3429 res
968 3382 1001 3428 sit
1016 3379 1118 3440 quidam

57 3449 146 3500 elalius
157 3448 293 3498 idolorum.

60 3562 233 3613 Corollcuum
244 3564 344 3626 pietatis
353 3601 362 3622 ‚
372 3578 415 3612 eeu
428 3565 456 3612 iu
469 3564 514 3612 hoc
530 3563 611 3625 capito
623 3565 660 3612 to.
675 3563 837 3624 adulatorem
847 3559 955 3610 monime
964 3560 1087 3615 uotoudo,
1097 3566 1119 3606 ct

439 3636 473 3681 ud
485 3632 742 3694 prauimredioeodo.
1164 3630 1170 3641 '

90 3744 266 3794 Parum-Ex
282 3747 370 3807 primis
381 3745 458 3804 hujus
470 3747 558 3806 capitis
575 3749 685 3810 versibus
704 3745 830 3793 discamus
846 3753 932 3791 omnes
947 3743 1041 3799 quanto
1058 3752 1117 3788 eum

57 3818 169 3863 tremore
181 3813 289 3862 salutem
305 3818 417 3864 nestram
433 3814 693 3875 dehcnmusoperari;
707 3814 792 3862 hucin
807 3824 833 3860 re
848 3812 879 3859 de
893 3807 962 3858 nullo
978 3807 1050 3855 nohis
1068 3820 1117 3856 un-

57 3895 137 3943 quam
150 3882 345 3944 blandiendum,
358 3882 417 3932 cum
428 3883 504 3930 etiam
519 3884 550 3930 oh
565 3885 617 3943 ipsa
633 3885 676 3932 liei
688 3884 753 3931 dono
765 3881 836 3929 nohis
851 3880 884 3930 sit
898 3877 1071 3926 metuendum.

90 3951 196 4013 Quantis
208 3987 216 4012 ,
230 3955 255 3999 ei
267 3951 342 4013 quim
355 3951 504 4014 portentosis
517 3949 645 3998 heneiiciis
654 3951 669 3996 h
677 3951 725 3998 lieo
739 3948 859 4011 preventi
872 3945 974 3995 luerunt
984 3945 1116 3996 israelitrei
