2520 4440
111 204 164 257 212
405 204 606 260 EPISTOLAE
625 202 878 259 annonarios
905 238 911 245 -

110 303 171 349 ests
194 298 300 359 Gentes,
319 297 411 361 qulbus
431 300 462 350 de
484 300 583 351 Christo
604 304 712 350 venturo
736 300 834 354 iialum
846 299 882 354 de
899 311 953 362 eo,
973 294 1105 349 videbunt
1123 299 1164 346 :et

109 368 176 417 nihil
195 373 254 417 ante
268 370 415 417 nuntiatum
427 372 482 429 est,
495 369 619 418 videbunt
632 368 712 418 oculis
735 378 784 444 qui
802 390 861 431 „011
882 374 1051 438 audierunt,
1075 371 1165 426 intem.

108 435 228 498 ssdei,por
240 434 711 499 Apostolorumpradicationem,eum
735 460 809 523 gem·

109 505 239 554 advenisse
254 519 260 552 ε
274 508 299 553 et
318 507 361 565 qui
378 505 408 553 de
422 504 465 555 iilo
481 504 548 555 nihil
561 504 710 564 audierant,

109 588 169 625 eum
180 588 225 637 per
237 573 314 624 iidem
329 579 490 636 cognoscent.
709 578 712 582 ’
1110 603 1112 607 ,
1150 608 1153 612 ,

139 644 289 705 ideo,quod
303 657 367 706 sape
377 644 496 703 voiui‚et
506 655 570 704 saepe
581 643 709 705 proposui,
769 636 813 687 22.
836 637 953 701 Propter
973 630 1053 699 quod
1073 636 1099 683 ot
1120 630 1165 683 im·

109 713 141 761 ad
154 725 198 761 vos
210 712 307 762 scilicet
321 714 373 771 ire,
386 711 517 770 nondum,
531 711 563 760 ob
574 713 710 760 continuas
733 712 865 779 pediebar
875 707 1028 778 plurimum
1040 707 1130 761 venire
1137 706 1166 760 ad

107 781 184 843 buius
194 784 244 830 mei
254 782 390 830 ministerii
403 792 478 829 curas
490 783 516 827 et
530 780 709 841 occupationes
733 804 782 842 vos
794 828 802 854 ‚
816 795 842 842 eq
856 788 1016 855 prohibitus
1029 800 1092 839 sum
1099 824 1107 850 ‚
1123 799 1166 837 ug.

107 852 303 914 implorepotul·
733 867 901 934 queadbuc.

137 947 210 998 Nunc
222 953 308 998 autem
320 948 418 997 crimin
430 947 471 997 his
484 949 628 1010 regionibus
639 949 707 998 Gra·
766 948 811 999 25.
830 947 909 997 Nunc
927 942 996 996 vero
1009 939 1124 994 ulterius
1132 941 1169 993 la·

107 1018 154 1066 ciae
163 1053 169 1076 ,
189 1014 290 1065 Achaiae
300 1052 307 1075 ,
321 1015 473 1064 llacedonlae
485 1052 492 1074 ,
506 1021 555 1064 eto.
572 1014 659 1064 nullus
675 1017 708 1064 sit
732 1037 796 1076 eum
808 1036 865 1075 non
874 1023 984 1081 habens
992 1020 1022 1073 in
1031 1020 1076 1079 bis
1086 1019 1169 1086 regio.

108 1083 179 1164 locus
191 1084 326 1164 Grangelio
336 1097 449 1144 vacuus;
463 1087 487 1132 et
499 1083 558 1132 cdrn
580 1082 707 1132 aliundea
731 1102 832 1166 nibus,
863 1100 1062 1167 cupidnaoem'
1083 1103 1168 1151 ,ulem

106 1151 195 1200 multis
204 1164 340 1212 Jamanms
350 1151 466 1199 ardenter
478 1149 708 1199 desideromadvos
731 1179 837 1231 habens
852 1177 986 1230 veniendi
1008 1176 1045 1228 ad
1064 1189 1128 1238 vos,
1137 1187 1166 1226 εἰ

107 1218 158 1279 ¹¹⁰⁵
731 1245 1168 1326 multisjampraeoedentibusan·

137 1408 241 1470 Quando
253 1411 280 1458 in
291 1408 438 1471 Hispaniam
450 1410 497 1457 iter
507 1409 628 1470 arripiam
637 1445 644 1469 ,
652 1421 707 1471 spe·
730 1348 808 1465 msa-l.
820 1409 888 1464 Girm
897 1410 928 1462 in
936 1408 1166 1475 llispaniampro·

105 1491 135 1528 ro
147 1479 199 1528 tore
210 1482 239 1527 ut
250 1481 277 1527 in
293 1480 384 1527 itinere
395 1478 495 1526 videam
507 1491 567 1538 ros,
578 1481 603 1526 et
612 1479 627 1526 a
635 1479 706 1528 vobis
728 1491 815 1543 1101st
837 1501 968 1554 ρωρθω,
994 1499 1078 1553 spero
1098 1483 1167 1551 quad

106 1545 217 1597 deducar
232 1547 309 1606 illuc,
323 1551 455 1608 postquam
471 1547 554 1596 restra
570 1560 706 1596 conversa·
728 1569 890 1637 praeleriens
903 1568 1014 1620 videam
1033 1579 1096 1629 vos,
1110 1569 1136 1616 el
1152 1563 1167 1615 q

105 1619 175 1666 tione
193 1620 218 1666 et
230 1617 364 1695 praesentiri
385 1617 456 1680 priris
473 1621 584 1680 exparte
600 1620 705 1668 satiatus
728 1647 808 1700 vobis
819 1646 942 1698 deducar
957 1644 1039 1706 ffluo,
1059 1639 1166 1694 simpla

105 1685 188 1734 suem·
464 1724 468 1727 ·
728 1717 1164 1790 primumexpartefruiiusfucro.

104 1923 165 1960 men
180 1911 334 1961 illuminavit
346 1915 372 1961 et
385 1913 561 1963 inflammarit.
571 1913 787 1974 Quemadmodum
802 1923 905 1960 acervos
924 1910 1109 1961 miraculorum
1123 1908 1165 1957 hoc

104 1993 157 2030 uno
169 1981 263 2042 verbo,
274 1981 302 2030 in
311 1983 405 2032 virture
414 1983 562 2045 siqcorum,
573 1983 701 2045 alligarit3
713 1984 765 2043 ita,
777 1984 813 2031 ait
826 1980 855 2029 Ι).
867 1979 958 2042 Chrys.
975 1980 1089 2029 infinitas
1099 1977 1165 2029 urbes

104 2055 130 2100 et
143 2051 247 2113 Gentes,
263 2051 312 2101 hoc
328 2065 380 2101 uno
393 2052 485 2114 verbo,
502 2067 547 2115 per
558 2054 706 2112 circuitam,
718 2050 918 2114 comprehendIt.

134 2121 200 2171 &nd
213 2123 241 2171 in
257 2121 286 2170 D.
301 2121 379 2170 Paulo
394 2122 481 2183 qratia
491 2123 537 2171 Dei
552 2135 635 2171 vocuo
651 2135 701 2171 noa
711 2121 769 2183 soit.

133 2191 205 2252 llaec,
217 2203 262 2253 ego
275 2192 352 2240 miser
364 2191 520 2251 homuncio,
533 2190 713 2240 inutilissimus
726 2190 770 2239 bei
784 2201 885 2248 servus,
894 2189 939 2248 qul
951 2186 1019 2237 nihil
1030 2187 1090 2237 boni
1099 2224 1106 2248 ,
1115 2185 1164 2250 piu·

102 2260 200 2310 rirndm
221 2259 282 2308 mali
299 2262 324 2308 ct
339 2259 405 2309 facio
420 2263 446 2308 ei
458 2258 521 2320 leci;
530 2260 601 2319 baeo,
620 2260 742 2320 inquam,
752 2257 840 2306 ridens
853 2261 878 2306 et
889 2256 921 2305 ob
932 2269 962 2306 ea
977 2256 1163 2318 obstupescens,

103 2330 165 2390 quid
180 2329 276 2390 agam?

133 2397 241 2446 liirabor
256 2395 345 2444 saltem
365 2399 390 2444 ct
404 2395 511 2445 laudabo
524 2395 604 2445 licum
619 2399 645 2444 in
666 2397 759 2445 mactis
776 2396 829 2444 suis
843 2412 850 2443 ε
864 2397 966 2446 sanctos
980 2397 1006 2443 et
1027 2393 1111 2443 fideles
1125 2393 1163 2442 bei

103 2477 188 2516 servos
204 2465 340 2514 venerabor
349 2485 357 2526 ;
367 2465 479 2526 gaudebo
495 2469 520 2514 et
531 2465 647 2516 exultabo
658 2464 726 2526 quod
740 2464 806 2514 licus
816 2464 848 2512 ab
860 2464 916 2513 aliis
929 2463 1006 2525 digne
1019 2467 1044 2512 et
1056 2462 1164 2512 laudabi-

102 2537 160 2586 liter
173 2536 310 2593 serriatur3
320 2539 420 2584 sanctos
432 2535 537 2596 rogabo,
547 2539 576 2584 ut
587 2536 632 2584 sut
644 2534 874 2598 superabundantia
886 2546 971 2582 meam
982 2534 1104 2594 adjurent
1115 2536 1164 2581 ino

101 2607 172 2668 piam
184 2607 286 2654 :sancte
297 2603 387 2665 Paule,
397 2603 472 2666 digne
482 2604 527 2655 liei
537 2605 668 2668 apostole,
680 2617 723 2654 ora
735 2617 781 2667 pro
794 2602 897 2664 indigno
911 2606 936 2651 et
950 2602 1115 2652 inutilissimo
1125 2601 1163 2650 lici

102 2687 184 2726 ΒΘΙὝΟ.

132 2761 173 2808 22.
187 2758 296 2820 Propter
305 2757 373 2820 quod
387 2762 410 2807 et
425 2757 582 2819 impediebar
593 2756 745 2820 plurimam.
760 2756 803 2806 Gr.
815 2753 848 2801 τὰ
861 2751 951 2814 πολλὰ,
965 2754 1035 2816 qnod
1048 2755 1112 2804 verti
1122 2762 1163 2814 po

100 2833 150 2879 test
163 2830 240 2878 ctiam
252 2840 331 2891 saepe;
345 2828 372 2879 id
387 2831 438 2889 est,
446 2828 503 2877 ideo
517 2841 582 2891 saepe
596 2828 656 2878 crim
667 2828 758 2877 veliem
768 2827 800 2876 ad
811 2839 855 2876 vos
868 2827 973 2885 venire,
988 2824 1123 2887 impeditus
1131 2821 1164 2871 iul

101 2912 182 2961 usquc
195 2898 269 2948 modd
276 2919 284 2960 ;
297 2900 407 2960 scilicet,
420 2899 481 2948 curt
494 2899 644 2962 populorum
655 2936 662 2960 ,
673 2899 706 2948 ad
718 2911 781 2960 quos
792 2898 923 2958 nondum,
943 2900 974 2946 ut
987 2899 1043 2957 jam
1061 2895 1094 2944 ad
1107 2907 1163 2953 ros,

100 2968 230 3029 Evangelii
242 2967 332 3018 notitia
345 2973 461 3029 venerat,
476 2981 517 3018 me
530 2968 683 3018 retrahente.
695 2968 725 3018 ln
745 2967 831 3018 Graeco
851 2979 903 3016 non
917 2969 971 3027 est,
983 2972 1006 3016 ct
1024 2964 1163 3028 probibitus

100 3052 159 3088 sum
173 3051 252 3100 oeque
266 3038 363 3096 adbuc,
376 3050 423 3087 nec
435 3039 462 3086 ia
478 3038 550 3101 Syro.
1152 3031 1155 3037 '

132 3128 173 3175 23.
184 3127 255 3175 Naue
265 3124 324 3175 ocrd
335 3125 471 3175 otarius...
484 3125 510 3174 id
523 3129 561 3175 cst
571 3162 578 3186 ,
588 3139 658 3175 nuno
673 3128 759 3174 autem
776 3123 835 3173 crim
849 3121 950 3172 nullum
962 3122 1163 3186 amplidslocum

100 3193 236 3256 Evangelio
247 3206 358 3244 vacuum
370 3193 478 3243 babeam
489 3196 517 3243 in
533 3193 574 3243 his
586 3193 697 3253 Grac-ia,
705 3191 815 3252 Achaia,
826 3191 988 3251 Macedonia,
998 3196 1049 3242 ate.
1059 3193 1163 3255 regioni·

99 3263 164 3324 bus,
176 3266 224 3312 cta.
236 3263 299 3312 Nota
311 3262 389 3312 tinem
405 3262 522 3324 Epistola
533 3263 658 3326 principio
672 3261 842 3321 conformem,
854 3262 890 3309 ait
908 3260 938 3309 Ι).
958 3259 1052 3323 Chrys.
1064 3274 1123 3310 nam
1138 3261 1162 3308 iu

99 3334 225 3397 principio
235 3332 315 3382 dixit:
325 3333 504 3394 Saepenumero
515 3333 667 3394 proposui...
675 3331 718 3379 bic
731 3331 913 3392 causamponit
922 3333 1111 3392 propterquam
1119 3331 1160 3378 im·

100 3403 202 3467 peditus
215 3400 279 3465 tuit,
289 3401 442 3451 desideriam
460 3402 592 3463 utrobique
605 3402 732 3464 exprimit.

130 3493 171 3541 ri.
188 3489 250 3541 Crim
261 3490 289 3539 in
300 3489 451 3552 Hc‘epoctom
463 3488 593 3551 proficisci
608 3502 721 3550 coepcro,·
733 3487 821 3547 idest,
838 3486 898 3536 crim
915 3487 943 3536 in
954 3486 1105 3549 Hispaniam
1118 3489 1159 3536 iter

98 3564 246 3626 arripuero,
263 3572 336 3624 spero
349 3558 401 3608 tore
418 3562 446 3606 ut
459 3558 557 3608 videam
572 3570 624 3607 vos.
637 3559 657 3606 Ε
672 3557 766 3606 Gracia
786 3570 831 3620 per
843 3556 956 3617 italiam,
972 3558 1000 3605 in
1021 3557 1159 3619 Hispaniam

98 3634 149 3682 iter
167 3641 270 3693 carpere
287 3627 408 3678 volebat:
426 3633 448 3676 ct
463 3626 481 3676 d
498 3627 570 3676 vobis
585 3628 695 3676 &ducar
709 3626 772 3675 illuc
784 3646 793 3675 .·
804 3624 902 3675 scilicet
918 3627 946 3674 in
963 3624 1110 3688 Hispaniam
1121 3633 1160 3686 por

99 3699 217 3750 Galliam.
229 3697 259 3746 st
270 3697 342 3746 vobis
353 3694 466 3759 primam
480 3707 509 3744 ea
521 3700 622 3756 parte...
632 3695 658 3744 id
670 3698 723 3756 est,
734 3699 867 3757 postquam
880 3694 965 3743 vestra
976 3695 1160 3744 conversatione

100 3771 126 3818 ct
139 3764 273 3830 prasentia
283 3763 316 3813 ad
330 3762 430 3825 aliquod
444 3761 533 3812 saltem
549 3766 649 3826 tempus
660 3767 787 3814 recreatus
805 3762 886 3811 luero.
902 3762 947 3813 Gr.
959 3763 1075 3826 expletus
1085 3762 1158 3821 luero,

100 3838 139 3887 Ec
152 3839 241 3898 porte,
259 3831 362 3892 dicens,
373 3831 499 3894 signiticat
517 3830 633 3882 desiderii
654 3835 694 3882 sut
715 3832 915 3896 magnitudinem
934 3833 1030 3896 aquaal
1048 3832 1156 3885 discute

103 3902 161 3955 lion
170 3899 296 3966 quantam
306 3899 412 3962 vellen,
424 3899 469 3951 sed
477 3899 601 3963 qnantum
615 3899 710 3952 iicebit.
