2520 4440
324 283 494 337 TRlPLEX
512 286 732 343 Expostulo
752 292 833 346 cir.
853 294 933 346 iili.
1107 297 1161 348 loa

126 375 174 427 Si.
202 374 255 438 Qui
279 381 374 431 eutem
401 384 539 432 scrutatur
592 381 649 432 llaec
661 383 792 446 desideria,
804 385 899 450 hosque
908 389 1024 449 gemitus,
1033 399 1095 449 quos
1107 386 1161 450 Spi-

94 453 197 516 corda,
223 453 277 507 scit
303 455 372 521 quid
399 455 539 510 desideret
562 453 625 500 ritus
639 452 746 503 Sanctus
763 458 854 504 excitat
871 456 999 517 lucebis,
1013 459 1100 515 novit,
1114 467 1160 517 ap-

95 529 215 595 gppfflus
249 547 256 582 ς
286 531 352 598 quia
385 533 541 587 secundm
561 520 662 582 probat,
676 525 700 570 et
713 523 813 573 exaudit
825 524 940 575 cordium
950 529 1074 574 scrutator
1085 523 1159 585 Deus,

95 604 181 660 Deum
195 608 320 672 postula,
336 623 389 675 pm
404 611 523 665 Sana-m·
561 589 621 648 quia
632 592 692 638 sunt
702 591 845 640 secundum
859 592 1017 642 voluntatem
1031 605 1113 642 suam.

124 685 291 739 essemus
303 692 396 741 autem
405 688 539 754 qnoniam
591 694 626 742 Ne
637 693 780 744 diffidamus
791 707 849 756 crgo
870 696 902 745 ob
914 695 1089 751 intirmitatem
1099 711 1160 761 nos-

95 762 276 830 diligentibus
284 768 373 819 licum
383 766 477 820 omnia
487 781 537 819 co-
561 767 643 824 tram;
659 763 703 813 seri
722 764 892 814 senissimum
905 765 1071 826 babeamus,
1092 764 1160 827 (inid

95 846 246 906 operantur
257 842 288 894 in
304 842 424 908 bonum,
440 843 474 895 iis
489 844 538 910 qui
561 836 641 884 beum
662 834 822 896 diligentibus
841 838 927 886 omnia
949 839 1115 899 cooperantur
1132 838 1159 885 in

96 992 190 1144 leem
196 1061 204 1085 ‚
219 994 250 1074 ut
265 1004 527 1090 etlam'expertisslmi
543 1038 633 1090 capere
648 1038 701 1077 non
717 1028 832 1092 possint,
844 1030 945 1078 tautum
958 1029 1027 1079 abest
1039 1033 1068 1079 ut
1086 1031 1157 1081 ellari

160 1108 199 1144 n,
292 1126 294 1129 .

119 1162 184 1213 lline
197 1165 306 1224 oraturi,
314 1165 351 1214 ait
359 1162 602 1226 'theodoretusdale
613 1168 731 1229 vosipsos
742 1166 780 1226 ei,
792 1167 836 1227 qui
844 1164 945 1216 clarum
953 1169 1022 1217 tenet
1035 1172 1156 1222 universi.
1211 1150 1231 1179 '‘

119 1253 158 1300 27.
175 1251 228 1310 Qui
245 1256 331 1300 cutem
347 1259 477 1303 scrutetur
495 1255 612 1303 sorau...
624 1251 668 1302 Gr.
680 1257 707 1301 et
724 1256 840 1303 scrutans
854 1252 942 1314 corda,
960 1256 1008 1304 scit
1023 1256 1084 1316 quid
1094 1271 1157 1321 pru-

97 1319 174 1370 dentia
184 1321 329 1382 ,pedorem
343 1321 451 1385 Spiritus
458 1343 465 1383 ;
474 1325 536 1386 quic
544 1322 680 1372 scccndrim
690 1324 771 1372 neem
779 1322 979 1386 interpellatpro
988 1327 1089 1375 eunctis.
1098 1327 1155 1389 Syr.

96 1391 133 1450 qul
143 1389 205 1439 verb
218 1393 348 1440 scrutatur
360 1391 434 1440 corda
444 1395 482 1452 ,is
494 1394 565 1441 novit
576 1402 631 1452 que
642 1392 675 1440 sit
688 1393 795 1447 intentio
806 1391 930 1455 spiritns,
945 1395 1017 1454 juria
1034 1394 1156 1458 placltum

97 1459 133 1509 liei
149 1460 304 1522 deprecatur
317 1473 363 1522 pro
378 1464 481 1510 sanctis.
492 1459 566 1510 llrab.
577 1471 633 1521 qua
650 1461 683 1509 sit
702 1460 819 1510 voluntas
837 1461 1082 1524 spiritus21sanim
1101 1470 1157 1515 orat

96 1543 134 1592 pro
145 1532 297 1590 sanetis,in
311 1533 343 1581 iis
353 1543 410 1593 quei
423 1535 536 1593 spectant
549 1531 582 1580 ad
596 1531 684 1580 licum.
699 1531 792 1583 Senem
804 1537 862 1581 est:
1012 1579 1017 1587 ,

117 1599 193 1649 llobis
211 1599 317 1660 quidem
331 1600 512 1649 inenarrabiles
523 1605 584 1650 sunt
595 1601 620 1648 hi
633 1602 741 1661 gemitus
753 1620 759 1648 ε
771 1606 798 1650 at
807 1600 873 1651 Deus
884 1601 999 1653 cordium
1011 1605 1155 1653 nostrorum

94 1672 224 1729 scrutator,
232 1668 327 1730 optime
338 1672 409 1719 novit
420 1670 553 1730 affectum,
565 1670 681 1732 φρόνημα,
689 1670 796 1732 Spiritus
807 1671 892 1720 Sancti
901 1674 1023 1732 gementis
1035 1674 1062 1721 iu
1073 1673 1154 1735 nobis,

94 1737 175 1799 idest,
190 1738 317 1787 desideria
330 1743 355 1787 et
366 1741 474 1800 gemitus
487 1751 550 1801 quos
561 1741 654 1788 excitat
664 1741 691 1788 in
705 1739 777 1788 nobis
790 1759 797 1788 e
811 1744 836 1788 et
854 1741 889 1788 lta
903 1743 988 1800 novit,
998 1745 1025 1789 ut
1036 1741 1155 1803 approbet

93 1810 114 1856 et
126 1807 263 1868 exaudiat,
275 1808 335 1870 qnia
347 1809 488 1858 seeundum
499 1808 542 1857 liei
554 1806 711 1858 voluntatem
723 1808 783 1859 iacit
794 1814 895 1859 sanctos
907 1808 1050 1872 postulare,
1062 1809 1153 1870 idest,

92 1873 136 1926 lieo
150 1880 240 1938 grata,
255 1880 403 1927 sanctorum
417 1878 491 1927 saluti
508 1877 590 1927 utilia
1097 1928 1100 1933 ,

116 1947 181 2007 Sed,
192 1949 308 2008 inquies,
320 1951 454 1997 sanetcsne
471 1947 573 1996 tantum
584 1947 694 2010 Spiritus
711 1948 818 1998 Sanctus
834 1946 895 1997 inclt
906 1948 1054 2010 postulare?
1069 1961 1153 2005 nonne

89 2021 112 2065 et
125 2021 273 2078 peccatores
286 2019 387 2077 moret,
402 2027 539 2076 eorumque
552 2019 632 2065 oratio
645 2020 682 2066 est
693 2019 884 2079 impetraturus

116 2085 153 2134 lta
172 2090 199 2134 et
217 2086 327 2147 Spiritus
348 2085 456 2135 Sanetus
473 2089 632 2148 peccatores,
651 2085 710 2135 licet
723 2086 837 2135 nondum
851 2085 1066 2148 inhabitans,per
1081 2099 1153 2136 suam

87 2156 172 2204 tamen
192 2157 302 2216 gratiam
313 2159 399 2204 movet
411 2155 583 2207 adorandum
599 2170 606 2203 ε
624 2161 651 2204 et
663 2168 752 2204 eorum
763 2157 843 2205 oratio
864 2156 913 2204 erit
929 2157 1114 2217 impetreturia,
1132 2159 1152 2204 si

87 2227 173 2285 petant
184 2226 328 2274 necessaria
344 2225 376 2273 ad
391 2220 513 2285 salutem,
528 2228 549 2275 si
564 2226 604 2288 pid
620 2230 707 2289 petant
718 2230 744 2275 et
756 2229 953 2288 perseveranter.

114 2293 152 2342 Er
164 2293 240 2342 dictis
252 2307 280 2346 n.
299 2296 331 2343 26
343 2296 369 2342 et
380 2296 423 2354 27,
440 2293 609 2356 Apostollcam
625 2296 693 2344 disce
706 2297 804 2357 praxim
821 2291 919 2343 orandi.
931 2293 1052 2343 Oraturus
1065 2297 1110 2353 tu,
1129 2298 1152 2342 te

87 2361 192 2425 Spiritui
215 2363 309 2413 Sancto
326 2366 458 2412 committe
470 2384 477 2424 ;
490 2364 531 2414 dic
541 2364 580 2415 illi
594 2384 601 2412 ι
616 2367 743 2414 Paratum
764 2378 807 2413 cor
825 2376 929 2420 meum,
945 2364 1011 2412 Dese
1030 2363 1151 2422 Domine,

87 2431 148 2491 guid
159 2445 200 2480 mc
209 2433 249 2482 eir
260 2431 362 2494 facere?
385 2432 441 2481 Viae
455 2437 512 2482 tuus
522 2469 533 2490 ,
547 2434 665 2492 Domine,
679 2435 821 2483 demonstro
832 2431 908 2481 mibi.

115 2501 163 2552 ffic
171 2515 281 2563 agnosce
289 2505 361 2551 tuam
370 2503 499 2552 miseriam
508 2520 516 2562 ;
526 2504 645 2552 omnibus
654 2503 760 2564 indiges,
769 2504 852 2552 omnis
863 2499 968 2551 omnind
977 2501 1037 2551 boni
1046 2515 1150 2567 vecutus.

115 2569 230 2632 agnosce
244 2574 269 2619 et
280 2570 455 2621 infirmitatem
466 2574 552 2631 tuam,
564 2572 727 2620 uenientum
739 2571 771 2620 ad
780 2570 907 2632 agendum
918 2575 942 2619 et
951 2568 984 2619 ad
993 2571 1150 2631 pellendum,

86 2641 129 2690 sed
139 2644 166 2692 et
175 2642 210 2691 ad
225 2640 391 2692 desideranda
404 2645 431 2690 et
443 2641 475 2691 ad
487 2642 592 2704 petenda
607 2654 663 2702 quae
674 2642 720 2690 iibl
733 2646 792 2690 sunt
804 2642 953 2692 necessarie.
1111 2692 1114 2697 ,

114 2711 229 2772 Agnosce
245 2714 271 2760 et
289 2713 476 2773 ignorantiam
489 2713 572 2760 nescis
583 2711 645 2772 quid
661 2710 775 2772 expediat
787 2711 832 2760 tibi
839 2729 847 2770 3
860 2711 942 2758 nescis
952 2709 1078 2771 quomodo
1089 2707 1150 2759 illud

87 2784 199 2841 oporteat
212 2779 350 2843 postulare.

115 2848 253 2912 Triplicem
262 2849 330 2898 banc
341 2852 516 2912 impotentiam
527 2853 598 2899 tuam
609 2861 757 2911 agnoscens,
765 2847 891 2910 geme,ad
899 2847 1020 2911 Spiritum
1030 2847 1152 2899 Sanctrun

88 2931 187 2969 recurre
197 2938 205 2980 i
216 2924 247 2969 tu
257 2924 285 2969 te
297 2919 366 2968 illius
376 2920 482 2970 bonitati
497 2922 642 2979 sommium
658 2919 756 2981 postula
769 2921 797 2966 ut
808 2916 926 2976 adjuvet,
938 2917 1021 2966 dando
1032 2930 1134 2971 sensum
1144 2955 1150 2975 ,

87 2992 220 3048 quotuam
239 2990 366 3050 percipias
384 2989 530 3047 miseriam
549 2987 633 3036 dando
654 2987 741 3035 lumen
761 2986 960 3046 scrobemque
978 2985 1106 3036 discernas
1126 2992 1151 3034 et

87 3058 210 3109 desideres
221 3071 279 3120 qua
289 3059 337 3107 tibi
347 3059 486 3107 neccssaria
495 3077 503 3117 ;
513 3057 596 3106 dando
605 3060 723 3118 gratiam,
732 3057 783 3118 qud
790 3054 931 3106 secundum
941 3055 984 3103 liei
995 3054 1151 3119 voluntatem

87 3139 154 3178 oresr
165 3132 193 3178 te
203 3140 264 3189 ergo
273 3128 438 3178 committens
451 3126 557 3188 Spiritui
568 3126 675 3187 saneto,
687 3137 747 3188 roga
760 3128 790 3174 ut
798 3127 852 3186 ipse
862 3122 971 3186 postulet
982 3125 1010 3172 in
1020 3128 1149 3190 te‚pro,te,

87 3201 183 3257 tecum,
196 3209 242 3259 per
253 3201 295 3256 te,
306 3209 362 3258 que
373 3196 508 3247 secuudum
520 3197 611 3245 Deum.

114 3287 153 3334 28.
168 3285 270 3334 Scimus
288 3289 373 3333 cutem
390 3284 510 3345 quonium
526 3283 702 3345 diligentibus,
721 3285 771 3332 eici
791 3281 840 3330 hoc
860 3279 933 3330 valde
951 3280 1063 3342 apposite
1080 3280 1151 3330 eddlt

87 3353 233 3416 Apostolus,
248 3357 305 3403 tum
323 3356 352 3401 ut
368 3353 450 3402 modis
466 3353 585 3419 omnibns
602 3351 688 3401 ildeles
704 3353 795 3402 excitet
813 3350 845 3399 ad
859 3352 1007 3412 patientiam
1026 3369 1033 3399 r
1055 3350 1086 3398 de
1101 3350 1150 3397 bac

87 3424 151 3472 enlm
169 3424 223 3484 agli
236 3423 251 3470 a
266 3435 293 3470 n.
311 3424 339 3470 17
362 3425 387 3470 et
408 3424 446 3471 iii.
465 3424 521 3471 ium
538 3426 567 3469 ut
585 3420 693 3470 aiilictos
711 3419 823 3479 soletur,
840 3418 901 3467 crim
922 3430 1009 3466 eorum
1025 3418 1152 3465 orationes

88 3491 202 3541 videntur
216 3502 269 3539 non
285 3490 398 3539 exaudiri
411 3507 418 3538 r
431 3490 462 3539 de
472 3489 521 3539 boc
533 3492 602 3538 enlm
616 3489 747 3550 speciatim
760 3489 788 3536 in
800 3485 979 3549 posterioribus
989 3483 1112 3532 versibus.

114 3561 242 3610 Nescimus
253 3559 317 3620 quid
330 3571 430 3607 creares
440 3578 449 3608 .·
460 3560 604 3607 scitantem
615 3556 725 3618 Spiritus
735 3554 856 3613 Sanetus,
868 3553 925 3602 ideo
936 3554 1014 3613 ipsius
1024 3559 1092 3597 curae
1103 3559 1151 3599 nos

88 3632 244 3679 committere
256 3627 388 3689 debemus.
514 3629 515 3632 ’

113 3699 196 3749 lluunr
208 3702 297 3746 tamen
313 3707 360 3745 nos
372 3696 440 3746 eertb
450 3698 556 3756 ecimus,
566 3694 663 3745 scilieet
672 3692 739 3755 quod
750 3694 837 3741 omnia
846 3683 1022 3752 ‚quantumvis
1034 3681 1151 3759 aduersa,

87 3770 257 3827 concurrunt,
271 3767 432 3827 conspirant,
443 3769 468 3814 et
476 3768 569 3827 puriter
579 3763 674 3812 cedunt
685 3764 712 3810 ln
724 3761 820 3810 bonurn
833 3760 877 3815 iis,
887 3757 930 3814 qul
942 3753 1019 3800 beura
1030 3747 1152 3806 dignus.

87 3836 146 3886 lllnc
157 3848 209 3885 nna
224 3838 312 3884 nostra
329 3846 390 3882 cura
405 3836 436 3882 sit
447 3833 478 3882 de
490 3833 540 3882 lieo
552 3830 678 3892 diligendo
688 3827 766 3878 et.llli
776 3821 925 3875 obediendo.
1047 3877 1052 3888 Ι
1093 3877 1099 3888 Ι

112 3905 146 3954 lie
156 3904 271 3954 adversis
282 3902 383 3964 proprie
396 3900 507 3962 loquitar
517 3899 561 3949 liic
577 3897 712 3960 ¹aposlolus
725 3915 731 3944 r
744 3908 796 3944 non
809 3890 874 3940 male
884 3891 968 3933 tumen
980 3878 1011 3924 ub
1019 3875 1154 3932 aliquibus

88 3975 226 4025 extenditur
240 3972 273 4024 ad
291 3983 410 4034 prospera
424 3977 448 4020 el
462 3970 494 4020 ad
509 3970 628 4029 adversm
639 3965 692 4016 lmb
703 3969 729 4016 et
746 3962 780 4013 ud
795 3964 848 4022 ipsa
854 3953 958 4016 limem
967 3952 1039 4002 ›⁴¹¹¹ae
1052 3942 1157 4004 musti
