2520 4440
325 256 495 309 rnrrtux
512 260 734 318 Exposfflo,
753 263 836 321 GAP.
855 264 907 317 1x·
1091 266 1143 317 lm

106 351 158 403 27.
169 348 258 404 Isaias
267 355 361 405 autem
367 350 466 404 clamat
473 366 524 420 pro
578 355 654 406 Valde
672 360 758 408 autem
775 371 870 420 paucos
888 371 918 408 ex
931 357 1023 409 iudeis
1042 357 1095 408 iore
1112 357 1144 407 sd

78 426 164 479 [srael
177 441 187 482 g
202 426 234 481 st·
248 427 331 481 fuerit
343 441 476 481 numerus
489 430 525 482 fi.
548 423 623 474 fldem
637 427 835 488 convertendos,
848 429 926 478 isaias
943 427 1061 479 audacter
1080 440 1144 492 pru-

80 503 181 559 iomm
193 505 281 558 131-201
296 508 429 572 tanquam
440 519 525 565 asena
547 494 623 555 dixit,
636 497 741 545 dicens:
760 496 812 547 Etsi
831 497 973 548 carnalium
983 497 1094 553 tiliorum
1105 499 1144 553 ls-

78 581 179 647 Μ’
195 582 505 650 ultimum·
546 563 1144 694 {Sililiq‘lum‘lmsiffllillliilmu‘tl

744 669 752 695 r
859 667 867 692 r
1131 658 1144 670 ⁸

103 767 158 820 28.
171 766 297 820 Verbum
307 767 382 821 euim
392 782 523 822 cousum-
545 699 651 819 ruffi}
660 771 729 818 enim
745 781 806 819 oum
820 770 919 830 iustitis
935 767 1009 819 iactet
1024 769 1091 830 quod
1107 769 1144 819 lo-

78 856 158 899 mus
168 849 199 898 et
210 843 378 898 abbrevians
390 845 421 898 1„
433 847 523 912 aequi.
546 841 620 886 cutus
632 840 683 898 esi,
697 836 814 898 redigens
824 836 956 898 lsraelem,
972 849 1048 898 quem
1062 837 1143 886 salvs-

78 927 130 975 310
154 922 253 990 gqupa
275 923 394 977 verbum
409 924 523 977 brevia,
546 904 1143 967 turussit,odbroromoioxiguumnumcrum.

78 1013 132 1051 um
161 999 249 1054 iactet
264 1001 412 1054 *Dominus
439 1015 523 1069 super

78 1084 182 1128 ‚emm
196 1091 205 1127 τ
391 1093 396 1098 ·

104 1153 520 1220 29.utsicutpraedtxir1suias:
574 1156 612 1205 lto
623 1156 652 1204 ut
664 1154 713 1204 uisi
724 1153 847 1203 Dominus
860 1157 1016 1204 exercituum
1027 1151 1073 1203 sui
1084 1165 1142 1214 gru·

78 1229 130 1282 sisi
152 1230 292 1295 Dominus
313 1229 434 1283 sabaoth
455 1231 522 1283 reu.
544 1223 580 1272 tid
591 1223 665 1271 nobis
676 1219 778 1280 aliquod
792 1220 933 1282 reliquisset
943 1234 1044 1283 semen,
1055 1222 1141 1272 fundi·

78 1307 184 1373 ruisset
207 1306 290 1360 uobis
318 1319 429 1372 semen,
451 1307 522 1359 sicut
545 1293 767 1356 tusdirimimus·

78 1384 202 1439 lodoma
213 1383 279 1437 iacti
291 1397 431 1447 essemus,
444 1389 472 1438 et
484 1386 522 1436 si·
788 1381 791 1387 ’

78 1468 119 1515 nrt
129 1461 292 1516 Gomorrha
305 1460 408 1515 similes
419 1460 521 1517 luisse-

78 1551 148 1590 uus.

78 1693 230 1761 puilrusdum
251 1695 279 1742 ln
296 1696 404 1755 putrium
418 1693 555 1753 redituris,
567 1706 669 1743 rursum
688 1693 770 1743 iorem
787 1692 896 1756 populus
907 1694 951 1744 lici
962 1713 969 1752 ;
981 1697 1007 1743 oi
1023 1696 1049 1744 in
1064 1707 1141 1747 seusu

78 1763 183 1824 mystico
203 1761 235 1812 do
253 1762 375 1812 Gentibus
387 1761 578 1823 intelliguntur,
590 1776 635 1825 per
648 1764 807 1812 vocationem
820 1761 853 1812 ad
862 1761 938 1812 iidem
948 1762 1021 1813 iactis
1033 1763 1141 1827 populus

78 1832 115 1881 lei
128 1850 137 1882 s
152 1831 736 1894 omuioqmppcr'ufiourocoutinpeboutr‘liic.
815 1866 819 1875 .
999 1857 1024 1887 ρ
1137 1880 1140 1885 .

101 1900 168 1950 Hinc
179 1900 211 1950 11.
223 1899 317 1951 Paulus
327 1899 382 1950 haeo
392 1899 458 1951 lucto
472 1905 497 1950 ct
507 1902 584 1951 rerba
594 1901 655 1949 Osee
666 1905 695 1949 ut
705 1902 742 1949 rei
758 1902 786 1949 lu
798 1899 911 1951 Ecclesia
926 1901 1017 1951 futuru
1032 1901 1141 1965 praedio·

78 1971 169 2020 ionem
181 1970 309 2034 rospoxlt,
320 1979 411 2033 nempe
421 1971 561 2021 vocationis
570 1969 690 2021 Gentium
700 1968 732 2019 sd
740 1968 820 2031 iilum,
829 1966 857 2020 u't
868 1981 898 2019 ox
907 1983 958 2019 nou
968 1969 1040 2032 plebe
1052 1971 1142 2020 tierent

78 2038 144 2101 plebs
158 2039 217 2093 Del.

101 2121 268 2173 omsuvsrro
278 2134 436 2177 nonnum.-
445 2123 502 2174 Trio
514 2123 541 2174 in
553 2123 593 2174 his
603 2121 718 2173 versibus
731 2123 895 2172 continentur
905 2120 1045 2182 magutsu,
1053 2122 1140 2172 chris-

78 2193 136 2241 1111
148 2191 232 2254 elogio
244 2211 252 2241 e
265 2196 303 2242 est
315 2192 329 2243 o
339 2192 410 2255 plebs
425 2194 486 2254 liei,
505 2193 627 2254 dilectus,
643 2192 756 2241 divinem
769 2189 969 2250 misericordium
979 2197 1138 2245 consecutus.

99 2261 198 2312 Surum
207 2261 317 2325 populus
330 2263 391 2324 Dei,
406 2264 438 2317 oh
449 2263 494 2312 Dei
512 2263 624 2324 cultum3
635 2262 720 2311 dilecti
731 2261 821 2322 dlieo,
830 2260 862 2310 ob
875 2261 982 2322 gruttam
992 2259 1138 2312 filiationisr

78 2332 277 2382 uisericordium
289 2336 433 2395 consecuti,
445 2335 477 2383 ob
488 2337 601 2383 nostram
614 2345 674 2382 cum
685 2331 735 2381 lico
743 2330 984 2381 reconciliationem.

98 2401 256 2464 tlt-populus
267 2404 322 2462 ejus
337 2407 363 2452 et
378 2415 437 2453 oros
453 2416 553 2466 pascue
565 2405 637 2464 ejus,
649 2401 770 2453 debemus
781 2401 854 2451 illum
867 2399 963 2460 colere,
974 2399 1077 2450 odorare
1085 2437 1093 2462 ,
1102 2400 1138 2451 illl

78 2483 174 2532 parere,
187 2473 276 2521 omnis
289 2472 409 2525 muudus
422 2475 477 2534 cius
492 2473 633 2522 observare.
862 2466 865 2472 '

99 2540 133 2590 ut
141 2539 210 2602 iiltt,
222 2541 344 2592 dehemus
356 2555 416 2592 eum
428 2543 544 2605 diligere,
559 2544 638 2606 ipsius
649 2542 739 2604 spiritu
753 2542 802 2603 agi.

100 2608 132 2659 Ut
143 2609 304 2660 reconciliati
315 2647 322 2670 ‚
334 2615 359 2661 ct
378 2611 578 2661 misericordium
595 2613 737 2668 consecuti,
748 2610 868 2660 debemus
882 2609 952 2661 illius
970 2619 1023 2660 esse
1039 2609 1084 2667 totj
1095 2645 1102 2670 ,
1112 2614 1137 2658 ct

79 2689 96 2726 n
112 2679 169 2729 rita
180 2681 211 2728 ,et
223 2679 253 2727 iu
263 2685 345 2729 morto
351 2698 359 2740 ;
370 2680 423 2729 siue
434 2680 544 2729 uiuimus
555 2715 562 2742 ,
575 2679 626 2729 rios
636 2680 776 2738 morimur,
787 2678 889 2729 Domini
899 2681 996 2728 suiuus.

98 2761 140 2810 2⁸1.
153 2760 241 2810 lsor'or
253 2766 338 2810 ouum
348 2761 441 2811 ctomot
449 2774 499 2823 pro
512 2760 591 2809 lsrael
592 2795 650 2810 ......
663 2762 729 2810 sicut
743 2773 773 2810 ex
783 2759 845 2809 Osee
855 2759 970 2822 probavit
979 2757 1089 2809 Gentiles
1104 2757 1136 2808 od

78 2828 296 2886 {hristianismum
307 2830 507 2893 irreverentium
518 2832 631 2882 itanum
645 2843 674 2879 cx
686 2830 749 2879 issia
760 2829 849 2892 probat
859 2829 958 2887 ludooos
970 2828 1023 2878 iore
1033 2829 1136 2890 quidem

78 2898 214 2961 iocundum
237 2898 281 2949 scd
301 2899 373 2950 raldo
395 2902 489 2962 paucos
509 2898 562 2948 iore
584 2896 765 2949 convertendos
782 2916 789 2947 r
809 2899 911 2947 nonnisi
927 2898 1040 2960 retiputoe
1059 2899 1136 2948 solon

78 2969 129 3019 tent
143 2981 225 3031 sucu,
238 2973 268 3020 ui
280 2969 357 3023 lubet
368 2970 446 3037 isoins
461 2971 498 3022 10.
509 2983 536 3020 u.
549 2971 588 3019 22.
603 2974 782 3028 convertentur,
792 2967 889 3017 scilicet
900 2967 931 3016 ud
942 2967 1088 3018 Dominum.

97 3054 139 3103 28.
159 3053 274 3104 Verbum
297 3055 362 3103 euim
378 3067 550 3106 coruumruons
554 3088 602 3103 .....
623 3051 728 3114 supple,
745 3051 869 3100 Dominus
885 3051 949 3110 erit,
963 3048 990 3098 ld
1005 3051 1137 3113 esi,lieus

78 3120 259 3171 nusummshit
277 3124 302 3171 et
317 3122 472 3173 abbreviabit
481 3121 602 3180 rubum,
614 3121 640 3170 id
653 3124 690 3169 est
700 3157 708 3181 ,
719 3132 773 3171 rem
784 3119 815 3168 dc
826 3131 876 3180 quc
889 3118 933 3169 hio
944 3119 1041 3181 agitur,
1052 3131 1135 3183 popu-

79 3202 123 3257 um
135 3187 275 3245 ludoicum
285 3226 291 3250 ,
302 3203 364 3255 oum
373 3193 488 3252 justitie,
501 3190 590 3251 idest,
601 3189 785 3252 iustoiudicio.

101 3259 288 3321 osmondus
296 3258 437 3312 merlotum
439 3294 487 3312 .....
499 3259 1135 3325 (11110οωὶ1151ἰιᾱωοτιιπιι1υωθτυῐῃ,αάὒὴτὶε-

78 3341 338 3391 nmcourersorum,
350 3331 454 3380 breuem
463 3331 539 3381 faciet
549 3334 574 3381 ct
587 3333 705 3392 exiguum
712 3349 720 3392 ;
732 3332 766 3379 its
776 3334 805 3379 ut
815 3341 879 3392 pene
891 3333 1063 3379 consumatur.

101 3413 141 3462 29.
153 3415 188 3463 Ei
208 3413 277 3465 mont
288 3408 405 3476 produn
418 3415 499 3465 lsoioc
516 3415 591 3466 :Nisi
610 3414 732 3465 Dominus
748 3412 862 3466 Sabaoth
864 3447 912 3463 .....
925 3416 950 3461 et
964 3413 1030 3462 sicut
1043 3414 1133 3470 antei,

78 3491 127 3542 up.
140 3485 178 3549 iti.
191 3494 219 3530 n.
235 3484 261 3531 9.
279 3480 347 3529 idem
360 3478 437 3531 lsuias
452 3481 581 3544 produit,
595 3484 644 3530 nisi
658 3482 780 3533 Dominus
798 3483 968 3542 exercituum,
979 3481 1026 3530 sud
1042 3480 1132 3548 gratio,

78 3548 201 3611 modicum
212 3548 316 3611 aliquod
332 3561 363 3598 ex
372 3549 465 3599 iudeis
475 3564 561 3600 semen
572 3552 707 3611 servisset,
719 3564 745 3601 r.
757 3564 781 3613 g.
794 3551 822 3600 B.
837 3551 978 3613 Virginem,
987 3548 1132 3611 Apostolos,

78 3618 264 3682 silpcstolicos
276 3621 354 3682 viros,
362 3624 388 3670 ot
398 3620 520 3683 quondum
531 3621 563 3671 uh
574 3623 611 3671 cis
620 3632 762 3682 couversos,
770 3623 822 3682 jum
834 3620 947 3670 funditus
957 3621 1133 3682 periissemus,

78 3688 228 3743 osismus
240 3691 344 3750 rejecto.
740 3723 744 3731 .

97 3755 163 3821 ,liuto
175 3763 200 3808 1⁰
209 3758 280 3820 quod
293 3758 348 3810 lino
363 3759 432 3810 isoio
441 3761 517 3812 verbu
529 3762 556 3810 in
575 3769 651 3811 sensu
661 3759 762 3810 litterali
775 3760 854 3811 elium
867 3758 963 3809 habent
974 3770 1091 3818 sensum,
1101 3757 1134 3806 do

80 3827 158 3885 uuus
171 3827 272 3878 scillcet
287 3826 381 3878 iudeis
399 3830 446 3878 suls
461 3829 526 3892 liegc
547 3829 653 3879 Ezechls
667 3829 810 3890 salvandis,
827 3834 852 3879 ct
871 3829 886 3877 i
906 3840 963 3889 rege
973 3826 1132 3888 Assyriorum

84 3888 361 3947 continuandorum
369 3895 412 3946 hio
425 3897 451 3946 iu
459 3908 534 3947 sensu
544 3899 820 3962 mysticoocoipiuntur
828 3897 859 3948 sb
869 3893 994 3958 Apostolo,
1002 3893 1033 3942 do
1044 3894 1134 3955 paucis
1184 3915 1186 3919 ·

86 3958 690 4031 uclmrumccnuuendis,stcououiusdts
791 3976 794 3981 ·
872 3996 875 4001 -
981 3996 1011 4054 *ι
1092 4004 1108 4016 ..
