2520 4440
357 259 527 316 rhlrilix
543 263 762 322 uirosirro.
781 268 862 324 CAP.
881 271 931 326 xi.
1110 270 1173 334 ’Μ

145 352 194 405 25.
204 352 274 406 Nolo
282 353 553 424 enimrosignorare,
610 358 669 421 illo,
684 360 865 425 iratres‚vobis
875 367 972 426 aperire
980 364 1038 415 volo
1047 364 1173 428 quoddam

108 429 231 496 iratres,
251 436 415 500 mysterium
431 435 486 488 1100
509 434 555 504 (ut
577 443 716 490 arcanum,
730 431 797 492 quod
810 430 872 481 iorte
882 433 981 483 silentio
992 437 1173 496 tegerem‚nl'sl

109 520 170 560 non
186 507 248 561 sitis
263 510 345 563 vohis
360 513 431 577 ipsis
444 513 556 580 sapien.
576 499 659 548 restra
674 499 777 549 referret
790 513 832 549 nie
843 500 928 562 loqui,
942 516 975 553 ne
986 504 1016 554 de
1031 509 1113 554 vestra
1124 505 1173 554 ilde

108 583 190 654 tes),
206 585 276 652 quja
294 589 404 645 caecim
423 603 456 642 ex
475 597 557 656 parte
577 569 740 650 superbiatis,
756 573 782 620 et
797 571 825 619 ln
840 569 940 622 ludaeos
951 573 1094 629 incredulos
1107 576 1174 624 inso-

577 636 699 686 lescatis:
718 637 767 687 hoc
790 649 847 698 ergo
865 650 988 690 arcanum
1007 639 1080 701 1quod
1102 639 1173 689 robis

576 709 675 770 aperio,
684 709 721 756 est
730 707 790 769 quia
802 706 884 756 cordis
892 709 994 758 eaeoltas
1006 710 1033 756 ln
1045 712 1115 770 parte
1128 709 1174 759 ln·

109 665 230 732 contigit
239 666 368 721 in⁴lsraal
378 709 385 732 ,
395 669 488 723 donec
499 672 555 736 ple

107 739 211 795 nitudo
221 744 353 798 Gentium
364 746 489 800 intraret.

576 843 714 892 Ecclesiam
730 844 855 893 introierit
870 856 963 894 eorum
974 843 1112 895 Gentilium
1123 856 1173 895 nu·
1185 869 1188 874 ·

96 960 99 963 .
575 924 660 961 merus
668 948 675 971 ,
684 913 728 972 qui
740 914 801 964 sunt
814 912 943 962 credituri.

142 974 190 1027 26.
203 976 238 1028 Et
250 976 291 1030 sic
301 980 393 1033 omnis
406 983 488 1035 israel
499 984 554 1036 sal-
604 979 705 1029 Etcum
718 979 857 1042 completus
870 979 946 1030 iuerit
957 981 1095 1030 Gentilium
1107 993 1171 1031 eon·

106 1046 550 1123 rusiieret‚s10utscfiptumespg
574 1062 704 1099 versorum
720 1061 857 1111 numerus,
876 1053 938 1106 tunc
958 1055 1010 1100 tota
1027 1051 1171 1104 iudaeorum

106 1127 207 1181 veniet
222 1117 256 1182 εχ
275 1131 341 1185 spon
371 1135 419 1200 qui
434 1136 533 1201 eripiat
574 1120 834 1179 natio‘oonrerietun
850 1121 875 1167 et
894 1119 926 1168 ad
945 1120 1051 1172 salutem
1069 1121 1170 1180 veniet,

105 1212 133 1259 eg
151 1213 266 1262 ,verm
282 1172 453 1277 impietatem
475 1214 491 1267 ὲ
506 1178 552 1269 13}
574 1190 641 1236 sicut
658 1188 781 1250 scriptum
797 1191 856 1238 este
875 1187 962 1238 Veniet
980 1200 1010 1238 ex
1028 1188 1104 1248 Sion,
1120 1192 1169 1238 etc.

106 1283 170 1337 cob.
205 1353 208 1356 ἦ
286 1321 289 1330 .

103 1377 1169 1403 ————--—-..-.....-.....-.....-

134 1433 171 1482 lie
183 1434 281 1486 nullius
292 1439 417 1501 praecipue
433 1440 570 1491 Christiani
585 1443 664 1493 salute
677 1444 862 1507 desperandum
876 1463 882 1493 r
895 1446 954 1505 quia
969 1446 1048 1505 gratia
1062 1444 1109 1504 ipsi
1125 1454 1170 1505 per

104 1501 264 1564 baptismum
282 1506 371 1556 collata
381 1545 389 1569 ,
399 1511 563 1560 connaturale
578 1512 705 1578 quoddam
711 1514 805 1572 ,salutis
816 1519 853 1563 est
865 1514 1034 1578 principium,
1047 1517 1170 1576 connatu-

104 1572 184 1621 ralem
197 1575 221 1622 ei
233 1575 349 1626 tribuens
363 1578 450 1629 salutis
462 1580 608 1630 facilitatem
620 1603 626 1630 ι
637 1595 681 1645 per
693 1582 759 1633 hano
768 1586 876 1645 gratiam·
886 1584 966 1633 iactus
979 1587 1017 1633 est
1027 1582 1170 1632 membrum

104 1641 198 1692 Christi
210 1682 216 1704 ,
228 1647 373 1697 membrum
392 1649 509 1701 Ecclesiae
526 1651 606 1702 :licet
621 1657 725 1713 autem,
742 1667 787 1717 per
802 1659 950 1717 peccatum,
961 1653 1010 1703 hoc
1027 1653 1170 1702 membrum

96 1716 237 1772 ³mortuum
252 1717 300 1776 sit;
312 1716 414 1774 Christo
425 1723 510 1768 tamen
522 1719 595 1770 facile
611 1726 649 1771 est
664 1722 728 1771 illud
740 1736 784 1785 per
796 1724 903 1784 gratiam
914 1725 1080 1780 resuscitare,
1092 1720 1169 1772 ilbrd-

103 1793 152 1841 que
167 1794 215 1832 suo
226 1783 321 1846 Spiritu
336 1789 428 1836 lterum
441 1790 564 1839 animare.
576 1791 602 1839 Si
618 1790 754 1851 Barbaros,
764 1792 859 1842 Tarans
870 1795 898 1845 et
907 1790 1021 1840 infideles
1031 1791 1077 1839 sui
1090 1789 1168 1850 gratia

103 1853 231 1901 convertit
247 1872 255 1902 ε
270 1853 366 1915 quantd
378 1854 479 1906 facillis
490 1857 663 1909 Christianum
680 1864 855 1922 peccatorem,
872 1859 918 1909 sed
929 1854 1093 1922 penitentem
1109 1869 1170 1913 oon,-

103 1923 197 1969 rertet!
252 1941 256 1944 ·

132 1990 169 2038 Ne
180 1990 299 2055 desperes
311 1995 409 2055 itaque,
418 1995 560 2046 Christiane
572 1999 858 2060 peecator‚·quicnnque
874 1999 922 2058 sit;
933 1997 999 2045 lieus
1011 1996 1169 2056 omnipotens

103 2063 156 2120 est,
169 2073 219 2111 nee
233 2062 316 2112 ullum
330 2068 368 2113 est
384 2071 545 2128 peccatorum
558 2067 721 2127 barathrum,
734 2081 764 2116 ex
777 2080 826 2128 quo
838 2071 863 2115 te
875 2079 926 2115 non
937 2065 1019 2114 valeat
1028 2064 1168 2113 extrahere.

132 2129 199 2180 lieus
218 2144 247 2181 ex
269 2132 365 2183 infideli
384 2138 410 2183 ie
426 2130 525 2186 fidelem
541 2137 601 2187 iecit
616 2140 643 2186 in
661 2138 805 2199 Baptismo,
820 2149 849 2184 er
865 2136 969 2198 paganis
984 2133 1044 2182 iacit
1058 2132 1169 2193 quotidie

102 2198 277 2264 Christianum
295 2204 390 2264 quanto
409 2205 509 2256 iaeilids
527 2220 558 2256 ex
570 2207 713 2259 Christiano
729 2209 874 2270 peccatore,
886 2205 930 2254 sed
947 2202 1047 2252 dolente
1065 2206 1090 2250 et
1107 2208 1169 2250 cort·

102 2272 168 2319 verti
180 2270 299 2332 volente,
316 2272 392 2323 faciet
404 2275 462 2323 vere
481 2275 599 2326 fidelem?
1030 2282 1032 2285 ’
1061 2297 1063 2300 ⁴
1085 2301 1089 2307 ·

131 2339 277 2392 lnildelium
294 2340 424 2391 conversio
442 2347 479 2392 est
496 2344 699 2393 Christianorum
715 2342 887 2394 conversionis
902 2341 974 2402 quasi
988 2341 1087 2401 pignus.
1104 2335 1168 2385 ilino

102 2410 186 2471 itaque
202 2409 236 2459 ml
250 2412 429 2473 penitentiam
445 2415 597 2464 animemur.

130 2496 170 2542 25.
184 2493 250 2542 Nolo
266 2495 331 2543 enim
342 2507 387 2543 uos
400 2496 534 2556 ipnorore,
547 2496 654 2558 iratres,
667 2496 814 2558 mysterium
829 2495 883 2545 boe.
902 2493 959 2555 Syr.
975 2492 1024 2541 hoc
1034 2501 1166 2539 arcannm.

101 2561 173 2612 Redit
181 2562 318 2626 Apostolus
327 2563 360 2613 ad
371 2564 483 2615 futuram
494 2566 639 2616 iudaeorum
653 2566 898 2623 reconciliationem„
909 2563 940 2612 de
949 2575 998 2622 qua
1012 2560 1080 2620 loqui
1093 2560 1167 2619 cupit

100 2645 125 2680 n.
141 2636 178 2682 ii.
193 2638 220 2682 et
234 2645 314 2694 quam
325 2635 461 2698 interrupit
470 2635 502 2685 ad
511 2636 699 2699 reprimendam
708 2635 847 2694 Gentilium
859 2632 1011 2693 superbiam.
1024 2627 1099 2676 addit
1110 2638 1167 2686 ergo

98 2702 149 2760 jam
169 2700 268 2752 dictis:
967 2733 969 2736 >
1060 2701 1065 2706 ’

133 2772 196 2830 Vos,
210 2771 225 2821 b
237 2772 376 2822 Christiani
388 2773 512 2835 Gentiles,
522 2777 587 2824 scire
598 2773 674 2824 velim
687 2785 809 2823 arcanum
819 2772 868 2820 hoe
881 2771 924 2818 liei
935 2767 1068 2818 consilium
1079 2769 1167 2826 myrte-

98 2841 280 2904 riumrapud,
290 2841 403 2902 Graecos,
419 2843 541 2904 quidquid
557 2851 707 2893 arcanum.
913 2877 916 2881 -
981 2895 983 2899 ,
1246 2844 1257 2861 '²

129 2911 178 2974 (Ut
191 2925 242 2960 non
253 2910 309 2959 sitis
322 2911 393 2959 vobis
404 2912 466 2973 ipsis
479 2913 601 2974 sopientes
610 2911 636 2973 );
648 2911 691 2961 Gr.
706 2913 735 2958 ut
751 2921 802 2957 non
815 2909 869 2955 sitis
883 2903 950 2966 apud
962 2915 1006 2952 vos
1019 2904 1085 2982 ipsos
1096 2912 1166 2961 urit·

97 2983 185 3040 gantas
199 2999 205 3028 z
222 2979 249 3028 id
261 2983 299 3027 est
309 3015 316 3038 ,
325 2978 374 3026 boo
392 2983 478 3029 autem
489 2980 545 3029 dico
559 2980 591 3030 ad
602 2976 794 3041 deprimendam
810 2978 919 3021 vestram
932 2975 1110 3050 arrogantiam,
1122 2978 1165 3018 rou

97 3061 129 3098 ne
141 3050 173 3098 de
185 3051 270 3098 vestra
282 3046 332 3096 ilde
345 3049 507 3110 superbiatis,
516 3049 702 3110 vobismetipsis
713 3046 840 3109 placentes
849 3080 856 3103 ,
866 3046 891 3091 et
903 3038 1099 3101 quod'divrnum
1113 3040 1165 3095 esi,

97 3118 375 3245 γοιόῑίὲΐὲὲἳξιὶιεῗεὲτ.
395 3184 525 3236 obduratio
535 3186 607 3249 ,Syn
619 3185 755 3236 obcaecauo
767 3178 849 3229 cordis
864 3190 870 3224 ε
886 3176 935 3224 hoc
947 3186 1004 3236 ergo
1018 3164 1166 3234 mysterium

96 3260 148 3316 est,
169 3254 239 3317 quod
257 3257 357 3305 cacitas
375 3259 399 3304 et
417 3256 565 3318 obduratio,
577 3269 630 3306 non
642 3247 831 3310 omnium,sod
846 3248 962 3296 maxima
975 3245 1052 3305 partis
1068 3241 1167 3290 iudaeoa

96 3337 171 3384 rum,
185 3324 230 3373 liei
246 3326 412 3386 permissione
425 3325 525 3374 accidit.
1120 3377 1125 3388 ·

126 3396 222 3443 Donec.
244 3394 288 3442 Cr.
311 3405 442 3454 usquequo
461 3412 467 3442 :
481 3393 537 3456 Syr.
557 3406 637 3455 usque
651 3392 713 3441 dum
723 3387 769 3447 ,id
781 3390 831 3446 est,
843 3387 868 3432 et
879 3381 979 3431 durabit
994 3380 1048 3428 haec
1068 3379 1166 3426 caecitas

96 3462 192 3523 lsrael,
206 3463 287 3512 donec
301 3464 328 3510 in
341 3463 480 3513 Ecclesiam
492 3467 617 3513 introierit
630 3469 755 3512 numerus
771 3468 871 3512 eorum,
884 3451 928 3513 qui
942 3463 972 3498 ex
981 3446 1101 3498 Gentibus
1112 3454 1167 3491 ⁰¹⁰·

96 3533 177 3581 dituri
192 3535 263 3581 sunt.
300 3535 306 3541 '

128 3617 170 3663 26.
185 3615 217 3661 Et
228 3613 264 3660 sic
277 3615 357 3662 omm's
370 3612 449 3662 lsrael
463 3613 549 3662 salom
559 3612 609 3674 fiet.
619 3609 676 3672 Syr.
687 3610 712 3656 et
723 3610 800 3663 tunc,
812 3606 861 3651 etc.
875 3600 935 3648 cum
946 3584 1082 3658 completus
1091 3589 1166 3638 inerit

97 3681 242 3731 Gentilium
264 3693 444 3730 conversorum
467 3693 606 3740 numerus,
625 3684 679 3747 tota
698 3674 845 3724 iudaeorum
865 3670 934 3717 natio
957 3663 1115 3730 convertetur
1133 3657 1166 3705 ad

97 3753 187 3812 iidem,
197 3756 222 3800 ct
233 3752 265 3800 ad
277 3751 384 3801 salutem
396 3752 491 3801 reniet.
997 3802 1002 3812 ,

134 3823 209 3870 Siout
220 3822 341 3882 scriptum
352 3826 425 3869 est...
438 3821 495 3869 lsai.
506 3823 544 3868 59.
558 3822 597 3869 20.
607 3815 687 3866 eveniet
698 3827 726 3862 ea
739 3813 814 3865 Sion,
826 3807 896 3855 idest
907 3845 912 3860 ,
925 3815 953 3850 ex
963 3799 1038 3848 Tubu
1050 3794 1111 3844 iuda
1121 3829 1128 3851 ,
1140 3797 1164 3844 ei

99 3902 130 3939 ex
143 3889 245 3938 familia
256 3889 349 3948 David,
360 3889 489 3937 habitante
501 3891 528 3936 in
544 3888 622 3946 Sion,
637 3885 757 3934 nascetur
769 3877 898 3930 Christus,
910 3871 951 3928 qni
964 3875 1062 3914 omnem
1074 3863 1165 3922 impio-

99 3963 183 4008 tatem
196 3956 293 4007 adierat
306 3957 321 4006 i
333 3957 438 4020 posteris
451 3954 536 4006 lsrael.
742 3964 744 3968 ·

576 775 641 824 daici
657 774 744 837 populi
761 776 879 836 contigit,
893 780 920 827 et·
933 775 1033 825 durabit
1051 777 1131 827 donee
1144 777 1172 826 ln
1246 772 1249 777 ’
