2520 4440
157 284 211 338 206
453 281 656 336 EPISTOLAE
676 281 724 333 ΑΙ)
742 276 929 334 abundos

187 374 667 438 litonimdbristus,omniumnosirdm
677 386 761 424 exem·
818 379 844 429 5.
876 371 989 428 Etenim
1016 368 1142 439 ffiridus
1165 380 1210 421 uon

156 445 228 508 plau,
246 457 298 494 non
310 445 411 496 sibimet
420 445 532 509 placuit,
544 458 592 494 nec
610 456 655 493 sua
668 443 760 504 quaesl-
782 451 835 504 sihi
850 450 969 517 placuit,
987 446 1039 500 sed
1051 446 1125 499 sicut
1141 443 1213 508 scrip-

155 515 212 574 sit,
223 513 267 562 sed
282 517 368 563 nostra
378 534 386 576 ς
398 516 465 564 sicut
479 514 581 564 liavidis
595 523 638 562 ore
646 523 760 573 pronon·
782 533 842 583 tum
853 532 896 587 ὥς
909 544 918 580 :
930 521 1107 592 mmmm
1122 522 1213 587 immo.

155 583 220 631 tiat:
234 581 372 645 opprobria
381 583 428 633 tibi
437 621 444 644 ,
454 582 469 632 d
481 584 563 642 Pater,
573 581 605 631 ab
614 579 760 629 bominibus
870 605 940 659 ,ium
948 599 1167 656 ahimam,
1176 612 1214 650 gu.

156 649 242 711 illata,
255 651 284 700 in
302 663 344 700 me
360 653 528 714 transtuli,et
540 650 633 701 luenda
650 651 758 711 suscepi.
781 619 868 674 pem

781 699 832 753 per
845 697 901 736 me.
1007 707 1012 713 ·

186 771 244 822 Haec
255 773 326 820 euim
344 774 381 821 ita
396 771 428 820 de
438 771 538 820 Christo
552 768 671 832 predicta
682 771 758 829 sunt,
811 781 840 832 4,
850 766 1215 841 Quaefflnqueanimscripta

157 844 185 890 nt
201 840 275 890 etad
292 851 339 889 nos
351 839 514 888 instruendos
530 837 757 900 prescripsimus:
781 826 863 920 gum,
876 853 914 907 ad
929 857 1060 905 nostram
1070 846 1216 902 dowinam

155 912 249 972 quippe
270 911 323 957 tota
341 907 471 970 Scriptura
488 906 521 956 ad
539 910 652 955 nostram
663 904 759 956 doctri·
782 934 883 1000 scripta
904 933 989 984 sum.
1003 934 1036 981 u,
1049 938 1103 994 W
1118 924 1215 991 panon,

781 1012 848 1064 tiam
860 1012 888 1062 et
897 1004 1126 1077 consolationem
1136 999 1216 1066 Scrip-

916 1124 925 1152 ,
941 1097 1023 1151 spem
1033 1081 1193 1135 habeamus.

155 990 216 1026 uam
233 976 348 1027 ordinata
368 979 406 1026 est
417 996 424 1035 t
435 980 464 1025 ut
482 987 526 1039 per
543 977 710 1037 patientiam,
725 975 757 1025 ad

154 1059 233 1109 quam
252 1058 299 1095 nos
319 1045 485 1106 Sanctorum,
501 1049 526 1094 et
540 1043 651 1094 maxime
665 1044 757 1094 Christi

154 1115 275 1179 exemplis
298 1117 410 1177 excitat5
432 1119 458 1164 et
485 1126 531 1176 per
560 1112 759 1165 consolationem
781 1096 907 1144 mmmm

154 1197 232 1246 (Illam
255 1183 328 1235 nobis
348 1185 458 1246 suggerit
472 1182 555 1233 verbis
578 1186 603 1231 et
621 1181 763 1244 exemplis,

155 1266 225 1316 spem
239 1253 377 1303 habeamus
392 1257 492 1302 aeternae
501 1249 666 1301 beatitudinis
680 1263 758 1312 quam

154 1323 289 1384 promittIt.

75 1434 78 1438 .
185 1389 276 1440 Precor
292 1390 378 1438 antem
392 1384 757 1448 neum,aquopanenna,a
815 1382 1037 1436 5.1)eusautem
1046 1374 1215 1444 patientiae

154 1470 205 1520 quo
216 1461 242 1508 et
254 1457 373 1509 solatium
383 1461 428 1518 ,nt
439 1456 510 1507 vobis
519 1455 637 1504 omnibus
648 1454 689 1503 det
700 1466 757 1516 per·
780 1459 886 1524 solatii,
900 1459 947 1512 det
958 1457 1040 1517 vohis
1052 1455 1174 1523 idipsum
1182 1466 1216 1519 sa·

156 1564 1214 1589 Μ

156 1634 268 1685 charltas
286 1635 404 1695 inbono,
424 1637 449 1683 et
461 1634 493 1683 ad
510 1633 621 1694 bonum,
633 1633 688 1682 bac
704 1630 804 1696 placere
824 1628 910 1678 studet
932 1630 962 1676 nt
976 1625 1060 1677 salvet
1068 1644 1077 1687 t
1088 1623 1131 1674 illa
1143 1623 1214 1688 placet

154 1703 342 1754 adulationibus
356 1706 385 1752 ut
395 1702 493 1766 perdat.

185 1791 210 1837 a.
221 1787 319 1836 Etenim
334 1787 448 1837 curatos
460 1797 510 1835 ooo
520 1785 570 1835 sibi
583 1785 688 1848 placuit.
702 1783 779 1844 Urget
789 1779 903 1844 exemplo
916 1779 1033 1841 christi,
1046 1790 1094 1830 seu
1111 1776 1213 1840 munulo

155 1855 285 1906 charitatis
298 1865 376 1915 quam
390 1853 504 1903 Christus
517 1865 575 1914 erga
586 1865 632 1901 uos
643 1864 731 1901 omnes
743 1852 865 1900 exercuit.

183 1929 282 1979 Etenim
301 1927 413 1978 ebriatus
431 1940 484 1977 uon
504 1929 613 1990 propriis
623 1924 782 1985 commodis,
797 1922 940 1984 voluntati,
952 1925 999 1974 ant
1011 1925 1094 1986 quieti
1109 1921 1214 1990 studu1t3

154 1998 198 2048 sed
208 1996 293 2060 gloriae
303 1997 363 2058 liei,
378 2000 402 2048 et
415 1997 633 2057 humaui'geueris
645 1995 730 2045 saluti.

184 2073 255 2122 Sicut
265 2072 388 2133 roriptcm
404 2076 447 2120 est.
456 2071 496 2120 Ps.
507 2073 548 2120 68.
559 2072 608 2119 eto.
624 2072 652 2118 ut
665 2071 734 2130 patet
745 2079 776 2118 ex
787 2066 926 2128 vobisque
935 2065 1040 2116 navidis
1049 2077 1095 2117 ore
1106 2077 1214 2130 pronon-

153 2142 201 2189 tiat
213 2153 220 2188 ε
230 2140 285 2189 baeo
300 2140 376 2188 verba
390 2139 454 2187 dnos
468 2151 557 2187 seusus
572 2136 682 2197 babent,
694 2140 719 2186 et
731 2136 841 2200 probant
853 2133 921 2196 quod
932 2134 1106 2186 cbristusbci
1117 2135 1213 2198 moriam

153 2211 178 2259 et
191 2211 303 2256 nostram
313 2207 421 2255 salutem
432 2205 588 2255 intendebat.

182 2281 341 2344 improperio
349 2281 576 2342 improperantium
590 2279 666 2329 tibi...
685 2277 774 2340 idest,
790 2279 893 2340 peccata
905 2280 996 2328 contra
1008 2280 1045 2339 te,
1054 2278 1133 2341 bens,
1146 2277 1212 2340 taen,

153 2350 188 2399 lta
199 2349 406 2409 meminerunt,
420 2362 450 2397 ac
462 2351 483 2397 si
493 2351 521 2397 in
535 2362 577 2400 me
593 2349 660 2398 iacta
671 2347 787 2398 tuissent.
799 2347 865 2397 Ecce
878 2347 958 2409 gloria
973 2347 1029 2400 liei.

182 2416 243 2476 Vel,
257 2418 294 2465 sic
314 2417 346 2464 ob
359 2427 389 2464 ea
404 2414 473 2464 dolui
485 2452 492 2477 ,
505 2420 535 2465 ut
553 2416 585 2466 ad
600 2416 754 2479 placandum
770 2417 836 2465 iram
849 2418 921 2484 tuam
940 2417 968 2464 ln
979 2415 1118 2478 homines,
1134 2419 1177 2479 qni
1189 2429 1213 2467 ea

153 2484 344 2534 committebant
354 2521 361 2544 ,
371 2485 424 2547 ipsa
436 2487 462 2533 in
481 2497 523 2534 me
540 2485 632 2535 luenda
642 2488 806 2548 susceperim.
815 2485 882 2535 Ecce
891 2485 1003 2536 charitas
1014 2489 1135 2549 proximi.
1186 2506 1190 2513 ·

182 2551 268 2613 ltaque
281 2554 349 2602 sicut
359 2552 475 2603 cbristus
485 2558 589 2618 peccata
601 2557 688 2604 nostra·
701 2554 778 2616 tulit,
791 2556 829 2605 sic
844 2553 966 2604 debemus
986 2554 1098 2606 fratrum
1111 2555 1213 2608 induni-

153 2625 216 2673 tates
225 2622 300 2672 terre.

182 2705 206 2754 i.
221 2706 378 2766 Quocunque
395 2706 461 2756 mim
473 2705 569 2766 compto
589 2710 655 2755 sont.
668 2705 712 2756 Gr.
727 2706 893 2768 antescripto
912 2707 1048 2766 suut,'seu
1063 2709 1211 2771 prescripta.

152 2772 208 2834 Syr.
224 2774 347 2836 quidquid
362 2775 431 2822 euim
444 2772 572 2835 quondam
589 2775 777 2836 scriptumest,
791 2775 819 2822 in
834 2775 913 2823 veteri
931 2774 1096 2825 Testamento
1114 2775 1211 2825 scillcet.

182 2841 314 2891 Rationem
327 2842 370 2892 dat
388 2855 433 2891 cur
444 2842 520 2891 verba
539 2843 567 2890 ln
580 2854 687 2904 persona
699 2841 794 2891 Christi
810 2842 825 2893 i
844 2842 938 2892 baside
950 2845 1119 2906 pronuntiata
1130 2844 1213 2908 ollega-

151 2910 216 2956 verlt
226 2909 259 2958 ad
265 2914 377 2959 nostram
387 2912 595 2960 instructionem:
607 2914 666 2972 quia
679 2911 776 2961 scilicet
785 2914 838 2960 tota
850 2912 980 2975 Scriptura
989 2913 1025 2962 cd
1034 2919 1151 2970 nomam
1161 2915 1212 2965 deo·

152 2978 246 3028 trinam
262 2979 377 3030 ordinata
394 2982 446 3029 sit:
460 2986 490 3029 ot
499 2993 545 3043 per
556 2981 722 3043 potientium,
734 2980 766 3031 ad
782 2992 920 3042 quamuos
932 2981 1073 3033 hortantur
1083 2982 1211 3049 Scriptura

153 3046 270 3109 exemplis
285 3049 449 3109 sanctorum,
462 3052 486 3098 et
499 3050 608 3100 maxime
623 3050 731 3111 Christi,
748 3057 771 3100 et
787 3065 833 3113 per
845 3051 1057 3110 consolationem,
1069 3064 1149 3115 qnam
1161 3064 1211 3102 rer·

153 3112 191 3164 bis
204 3120 229 3164 et
240 3118 359 3181 exemplis
368 3122 504 3180 suggerunt
511 3154 519 3180 ,
528 3133 597 3182 spem
609 3119 747 3170 habeamus
762 3125 863 3170 aeternae
873 3120 1041 3172 beatitudinis
1050 3134 1147 3185 ,quam
1159 3134 1211 3187 pro·

152 3186 267 3235 mittunt.

181 3253 317 3314 Patientia,
327 3257 480 3319 consolatio,
498 3270 570 3322 spes,
586 3257 685 3308 fructus
699 3261 760 3309 sunt
772 3271 850 3310 sacrae
860 3259 998 3323 Scriptura
1012 3260 1134 3313 lectionis
1147 3264 1209 3313 zion

152 3318 265 3372 ordinata
279 3323 358 3371 estad
371 3323 429 3374 fidei
440 3330 531 3375 nostra
544 3329 753 3389 instructionem,
766 3330 812 3377 aut
824 3327 857 3380 ad
867 3330 922 3392 spel
940 3327 1159 3395 stabilimentum,
1171 3332 1208 3380 aut

151 3390 184 3441 ad
197 3391 326 3440 charitatis
341 3395 536 3446 incrementum.
1145 3404 1148 3409 '

181 3459 246 3509 ilinc
259 3458 347 3522 collige
360 3473 410 3524 quo
425 3465 457 3512 sit
466 3467 554 3514 animo
561 3464 673 3526 legenda.

182 3543 206 3592 5.
220 3541 286 3591 bom
296 3548 380 3591 comm
396 3547 521 3607 commate
532 3553 554 3596 et
563 3547 650 3596 solatii
651 3581 699 3597 .....
713 3550 743 3597 ut
757 3549 872 3599 ostendat
886 3549 964 3612 iquo
975 3552 1030 3602 sint
1043 3551 1206 3616 exspectanda

151 3611 287 3672 patientia,
300 3611 436 3663 consolatio
462 3618 487 3666 et
505 3629 579 3678 spes,
594 3628 658 3677 quas
682 3618 822 3671 insinuavit
845 3620 995 3680 quaerendas
1017 3622 1047 3670 iu
1060 3621 1206 3686 Scriptum,

151 3679 231 3729 tribus
240 3681 356 3742 epithetis
367 3689 469 3734 exornat
481 3685 526 3734 liei
536 3696 639 3735 nomen.
653 3686 719 3735 Deua
727 3687 855 3749 peamau
866 3695 889 3738 et
897 3689 1087 3754 cumulatiorem
1097 3694 1123 3740 et
1133 3705 1159 3742 n.
1174 3693 1204 3739 it.

153 3748 218 3797 Deus
232 3749 285 3811 spei
299 3769 307 3799 .-
321 3755 409 3801 auctor
418 3753 515 3803 scilicet
526 3757 551 3801 et
567 3752 647 3803 dator.
724 3771 725 3775 ¹

181 3815 247 3865 Deus
259 3816 368 3868 charitas
384 3824 437 3881 est,
450 3825 474 3870 et
487 3824 545 3882 quia
567 3821 692 3885 charitas,
709 3827 734 3874 et
753 3827 876 3888 patientia
894 3830 932 3877 est
951 3831 976 3878 et
992 3828 1132 3880 consolatio
1141 3849 1149 3892 ς
1159 3823 1203 3879 1ωὸ

153 3881 223 3945 lons,
234 3898 304 3936 mare
321 3889 514 3951 consolationis,
526 3890 541 3938 a
553 3902 603 3951 quo
614 3892 697 3943 omnis
710 3905 769 3944 vera
785 3893 933 3948 consolatio.

183 3950 280 4004 ouem
293 3948 402 4006 auium
412 3957 446 4006 to
465 3957 698 4013 consonamus
713 3960 929 4018 stemmatum
943 3944 1109 4023 mauman
1121 3962 1201 4020 tect
