2520 4440
165 274 220 327 roo
359 273 487 328 aarum
506 269 708 325 nersrorn
727 268 775 323 lu
794 265 1039 323 coniuratos
1251 226 1254 323 l

193 366 249 417 Nou
261 367 296 416 lta
307 378 335 417 se
348 378 388 416 res
399 366 474 416 habet
487 385 493 416 ι
506 366 549 416 sed
561 379 604 430 per
616 366 659 415 llei
672 365 764 415 volun·
823 367 868 418 20.
881 365 1065 418 Nunoautem
1076 351 1211 424 multe'qni
1251 340 1254 427 l

164 438 242 488 tatem
260 449 331 492 nuno,
348 436 430 486 multa
441 437 543 498 quidem
560 439 620 486 suut
634 437 763 493 membra,
788 441 852 494 dem
877 441 1020 505 membra,
1033 450 1122 492 unum
1137 443 1210 490 aurem
1252 440 1254 501 ξ

163 503 219 554 loeo
233 508 258 554 et
280 504 362 554 odlelo
375 503 473 553 diversa
485 524 492 564 3
506 505 550 553 sed
570 506 605 553 ita
620 507 721 561 tamen,
737 505 764 548 ut
787 532 900 585 corpus·
1251 504 1254 523 ¹

101 630 102 633 Ἴ
164 575 250 640 qmnia
261 573 339 623 simul
347 587 428 622 unum
437 575 595 636 sintoorpus.
605 571 764 635 (Resumptio

163 641 327 704 probatorum
338 642 353 690 d
364 655 391 691 u.
406 639 461 704 12.)

194 709 248 760 Non
259 711 337 771 potest
348 712 434 757 autem
446 707 543 768 oeulos,
552 709 612 768 qula
621 709 671 757 situ
680 706 763 767 altior,
821 699 866 748 ul.
879 697 940 749 Nou
951 698 1046 761 polest
1057 696 1148 745 autem
1158 704 1209 744 ooo·

165 780 190 828 et
202 777 284 827 officio
295 776 416 836 nobilior,
426 778 562 839 prudenter
573 780 598 826 et
608 776 665 825 vert
682 777 764 825 dicere
787 775 830 826 lus
842 774 936 827 dicere
950 771 1048 825 manui
1062 787 1070 824 z
1083 769 1165 836 Opert
1175 768 1208 820 tut
1245 842 1249 851 ι

164 848 272 907 manui,
289 849 340 895 sltu
358 845 446 895 minus
466 846 522 894 altae
540 849 565 894 et
581 845 661 895 otllolo
678 845 765 894 mluds
788 868 842 905 „011
856 849 985 920 indigeo,
1001 856 1051 903 aut
1068 849 1163 902 iterum
1174 859 1209 898 ea·

165 916 243 967 nobili
255 935 261 965 ι
271 913 403 977 operatua
413 915 764 976 nonindigeoiiequeeapm,
787 935 837 995 put
849 930 970 996 pedibus
986 945 994 982 ς
1010 929 1073 981 Non
1090 922 1208 980 esqsmjffi

164 998 222 1047 pars
235 985 346 1046 eorporis
364 996 498 1044 suprema,
512 984 630 1045 pedibus,
643 983 713 1032 velut
723 997 765 1035 ex·
787 1007 938 1062 necessarii

164 1055 267 1112 tremis,
280 1052 363 1101 dioere
374 1070 380 1100 ε
393 1051 448 1100 Non
467 1053 526 1101 estis
539 1051 603 1101 mihi
620 1055 764 1102 necessarii.
939 1045 947 1061 '

195 1121 241 1170 Hie
254 1120 301 1170 sub
319 1119 399 1182 ligura
418 1120 487 1169 ooull
510 1124 535 1170 et
553 1123 659 1183 eapitis,
676 1123 765 1184 pungit

165 1188 340 1249 sublimiores,
355 1190 384 1239 lu
402 1202 447 1238 sua
465 1189 619 1238 sublimitate
635 1189 764 1250 tumidos;

165 1270 274 1320 quorum
296 1257 391 1306 fastum
407 1257 525 1320 deprimit
536 1294 543 1317 ,
556 1258 687 1318 indicans,
699 1259 765 1319 quod

166 1329 201 1378 els
210 1329 345 1378 necessarii
357 1327 462 1377 suntilll
474 1341 537 1390 quos
547 1327 618 1377 velut
627 1328 688 1378 viles
697 1342 766 1393 sper-

165 1400 243 1446 nunt.

1067 1507 1210 1523 ann-c*

195 1561 365 1624 lneougrnum
381 1561 444 1612 toret
455 1563 675 1625 sandmaximum,
690 1568 711 1615 si
725 1570 811 1617 omnin
828 1568 981 1617 charismata
996 1565 1124 1616 adunam
1137 1566 1214 1628 redire

164 1634 253 1680 rentur
263 1667 270 1692 ‚
279 1633 332 1681 slve
345 1631 465 1682 darentur
474 1633 591 1682 omnibus
603 1635 687 1683 omnia
697 1671 704 1694 ‚
716 1638 769 1684 sive
782 1638 827 1685 uni
838 1635 939 1685 mutum
956 1635 1083 1684 darentur
1095 1637 1180 1685 omnin.

195 1715 234 1763 20.
246 1715 316 1764 Nune
330 1720 414 1763 autem
427 1715 509 1764 mullo
510 1750 558 1765 .....
571 1717 642 1765 Nune
653 1723 738 1767 aulem
750 1731 795 1780 per
811 1718 855 1767 Del
872 1717 1033 1768 voluntatem
1044 1731 1098 1768 non
1112 1720 1145 1768 ita
1154 1730 1177 1767 se
1185 1727 1215 1766 re

165 1783 257 1844 habet,
271 1785 450 1844 sedEeolesia,
463 1787 529 1835 sieut
540 1788 565 1834 et
577 1798 668 1848 eorpus
680 1788 809 1848 naturale,
823 1788 897 1838 babet
905 1787 989 1837 mullo
1001 1789 1103 1850 quidem
1113 1787 1215 1843 memma

166 1852 209 1901 sed
224 1855 261 1902 sie
274 1854 371 1915 multa,
390 1858 419 1903 ut
432 1856 518 1903 omnia
536 1855 613 1904 simul
626 1857 677 1904 sint
692 1870 772 1905 unum
792 1868 896 1919 eorpus,
908 1859 934 1905 et
944 1857 1032 1909 omnia
1045 1855 1168 1919 sigillatim
1177 1856 1217 1904 siut

165 1916 246 1970 unius
261 1926 286 1970 et
299 1922 411 1982 ejusdem
425 1925 535 1986 eorporis
555 1924 683 1987 membra3
696 1929 723 1974 et
740 1924 868 1987 aequaliter
882 1924 1016 1987 membra,
1030 1928 1086 1976 sire
1108 1925 1216 1988 superiora

166 1991 233 2050 sint,
246 1993 299 2040 sive
315 1992 398 2042 media
408 2029 415 2052 ‚
427 1995 479 2043 sive
497 1995 626 2044 interiora.

195 2061 241 2110 Hie
256 2064 339 2123 itaque
357 2076 444 2113 versus
463 2069 499 2113 est
512 2064 583 2126 quasi
595 2066 735 2127 resumptio
746 2065 924 2127 propositionis
934 2077 962 2114 u.
979 2067 1018 2115 12.
1030 2065 1120 2126 faotoe,
1136 2063 1217 2114 etbao·

166 2142 245 2191 usque
260 2145 303 2194 per
315 2136 397 2194 partes
408 2133 536 2194 probatae„

171 2227 173 2230 <
193 2199 266 2248 Unde
279 2199 481 2264 eqneiudendum
490 2203 567 2249 restat
578 2237 585 2260 ,
596 2198 664 2261 qudd
676 2213 768 2264 parum
778 2199 854 2250 refert
867 2213 918 2262 quo
928 2201 955 2250 ln
968 2201 1026 2252 loeo
1035 2206 1083 2252 aut
1091 2201 1218 2262 odieloqab

166 2268 199 2316 sit
217 2270 367 2319 constitutus
377 2288 384 2329 ;
395 2269 439 2318 sed
451 2269 560 2318 maxime
582 2270 658 2319 refert
676 2273 701 2319 et
720 2272 907 2330 unusquisque,
919 2269 964 2319 Del
978 2270 1139 2322 voluntatem
1149 2269 1218 2320 adlm-

166 2334 254 2396 plens,
266 2349 311 2385 suo
322 2349 428 2386 munero
438 2373 445 2397 ,
457 2340 528 2397 juxta
545 2338 588 2386 Del
600 2337 712 2398 donum,
725 2339 853 2397 iungatur.

196 2404 272 2453 Multa
282 2409 342 2453 suut
355 2418 452 2464 unum,
464 2410 489 2454 et
503 2420 583 2455 unum
597 2407 677 2456 multa
690 2425 697 2456 ε
711 2407 754 2456 uhi
767 2410 804 2455 est
816 2419 873 2468 ergo
886 2405 1054 2458 differentia?
1066 2409 1111 2458 ubl
1122 2411 1157 2458 est
1166 2406 1219 2470 qual

166 2476 310 2534 exsuperat,
327 2476 352 2521 et
361 2473 405 2522 ubi
419 2479 455 2523 est
466 2474 532 2535 quod
543 2479 580 2524 est
589 2477 675 2525 minus
686 2478 698 2525 P
710 2475 739 2524 u.
750 2474 954 2537 chrysostomus.

196 2557 235 2605 21.
249 2557 303 2605 Non
317 2562 395 2619 potest
406 2563 489 2607 uatem
501 2557 628 2609 deoida...
647 2559 792 2619 castigatis,
808 2559 939 2607 instruatis
948 2561 974 2607 et
993 2557 1086 2610 solatio
1102 2558 1220 2610 sublevatis

166 2625 284 2675 Ecclesia
295 2625 461 2677 Corinthiacis
472 2628 613 2677 minoribus
623 2663 630 2685 ,
642 2639 688 2676 seu
703 2628 734 2675 iis
747 2628 791 2687 qui
807 2625 949 2674 minoribns
961 2626 1039 2677 donis
1050 2633 1125 2678 erant
1133 2628 1219 2686 alleod3

166 2708 235 2746 nuno
249 2708 390 2746 sermonem
405 2697 490 2759 dirigit
500 2697 532 2746 ad
546 2709 588 2746 eos
603 2698 647 2758 qul
660 2697 798 2757 majoribus
813 2696 1009 2746 charismatibus
1025 2701 1152 2762 acceptis,
1163 2700 1220 2747 lutu-

166 2767 308 2816 mesoebant
319 2771 343 2816 et
354 2770 464 2818 vanitate
472 2767 565 2816 tumidi
576 2803 583 2828 ,
594 2765 714 2816 adversus
726 2766 855 2816 inferiores
866 2764 1065 2817 insolescebant.

196 2835 227 2886 Ut
247 2841 335 2888 autem
350 2837 442 2886 borum
460 2836 553 2886 tastum
578 2839 603 2884 et
620 2838 789 2898 arrogantiam
807 2832 952 2897 deprimat,
966 2837 1081 2900 ostendit
1098 2835 1165 2900 quod
1184 2836 1220 2891 bl,

167 2917 227 2964 quos
244 2910 272 2953 ut
286 2906 349 2962 viles
360 2908 499 2969 spernunt,
511 2907 561 2955 sint
577 2907 602 2954 et
614 2906 727 2967 ipsismet
738 2905 876 2965 majoribus
890 2907 915 2952 et
928 2907 976 2954 toti
993 2905 1118 2957 ileoleslae
1128 2905 1221 2956 marimo

166 2978 308 3024 necessarii.

197 3049 251 3098 Non
266 3055 345 3112 potest
357 3050 493 3114 prudenter
503 3052 529 3099 et
538 3048 614 3110 vere,
626 3049 727 3109 orales,
741 3052 800 3111 quia
817 3050 866 3098 situ
883 3048 959 3098 altior
971 3051 998 3098 et
1008 3051 1095 3101 oilloio
1109 3051 1219 3103 nobilior.

165 3119 245 3198 dicere
258 3121 361 3178 manui,
371 3122 431 3181 quia
443 3119 498 3169 loeo
512 3118 673 3180 mausolio,
686 3124 711 3168 et
724 3118 805 3168 ollloio
815 3119 901 3168 minus
918 3119 1014 3180 nobili,
1028 3122 1109 3183 opero
1130 3122 1172 3171 lud
1182 3131 1220 3168 nos

164 3188 296 3307 mmm
311 3271 418 3319 manus,
432 3257 513 3308 mulla
524 3245 554 3308 ‘et
570 3257 672 3318 quidem
681 3258 820 3307 necessaria
832 3255 905 3305 oculo
918 3259 1024 3318 praestat
1036 3259 1219 3321 obsequiaque

166 3325 213 3374 slbi
229 3327 276 3387 ipsi
289 3327 377 3377 oculus
387 3339 438 3376 non
451 3330 532 3390 potest
545 3327 676 3388 exhibere,
689 3339 715 3376 r.
729 3339 763 3388 3.,
777 3330 864 3375 tuetur
879 3338 956 3386 eum,
969 3338 1001 3376 no
1014 3325 1135 3389 laedatur;
1147 3328 1218 3378 loson

166 3399 382 3516 cugubelssaseaggrtrli
392 3465 470 3528 figura
484 3464 600 3514 doctores
614 3467 639 3513 et
653 3464 869 3526 contemplativos,
880 3477 925 3514 seu
939 3466 1076 3526 sapientire
1088 3469 1113 3515 et
1124 3465 1218 3516 seientia

166 3537 238 3586 donis
248 3535 342 3583 ditatos
353 3533 501 3594 alloquitur,
516 3545 606 3594 eosque
615 3538 719 3593 monet,
733 3533 800 3594 qudd
812 3532 871 3581 lieet
880 3533 964 3582 oilleio
980 3534 1035 3582 sint
1053 3538 1144 3585 aetiris
1154 3533 1217 3584 subl·

110 3608 112 3617 ¹
165 3607 273 3666 miores,
287 3603 379 3651 horum
393 3607 479 3650 tamen
493 3603 606 3663 indigent
617 3602 709 3664 opera3
725 3603 791 3650 sieut
806 3601 882 3650 Maria
901 3599 994 3652 sedens
1015 3606 1042 3652 et
1054 3605 1160 3654 audiens
1172 3614 1216 3651 rer·

165 3674 227 3723 bum
238 3672 354 3733 Domini,
368 3670 494 3730 indigebat
510 3672 649 3720 ministerio
660 3670 762 3720 Martha
771 3707 778 3731 ‚
788 3673 824 3719 ait
837 3670 866 3720 li.
880 3670 1004 3723 Thomas.

196 3751 246 3798 Aut
256 3748 347 3798 iterrrm
360 3751 451 3808 caput,
461 3747 584 3807 superiori
594 3744 648 3793 loeo
660 3745 824 3804 collocatum,
833 3759 883 3793 nou
893 3751 975 3807 potest
987 3747 1071 3798 diem
1082 3747 1214 3811 perlibente

165 3816 252 3867 ladmo
267 3817 354 3879 positis
362 3852 369 3875 ‚
377 3829 427 3864 oon
437 3814 563 3863 eslirmilu‘
575 3814 714 3861 necessarii.
725 3814 826 3862 Etenim
838 3816 893 3862 sine
907 3814 1018 3876 pedibus
1030 3855 1036 3876 ‚
1048 3822 1126 3881 eaput
1134 3817 1165 3866 de
1174 3816 1214 3864 lore

165 3896 217 3934 non
228 3890 310 3948 posset
320 3885 456 3945 dimovere
464 3885 518 3934 slue
528 3886 598 3933 motu
610 3887 695 3963 autem
710 3883 826 3946 pleraque
836 3895 883 3935 sua
894 3885 1004 3979 consilia
1013 3899 1067 3939 unu
1084 3893 1163 3954 posset
1169 3896 1213 3952 per·

163 3964 247 4014 aare.
