2520 4440
309 222 478 277 TRleEX
495 225 719 282 exaustum.
737 230 820 284 CAP.
840 231 888 285 tt.
955 290 958 295 ,
1094 238 1130 290 ta

60 432 565 464 ΜΜΜΜΜΜΜΜΜΜΜΜ
566 438 1123 474 ΜΟΟΜΟΟΜΜΟΜΜΟΟ

228 580 488 714 ANALYSIS
514 632 723 716 cirins
752 636 967 737 Qutnrr.

541 851 649 867 h·-

64 973 155 1070 Iasms
162 1009 285 1063 Abrabae
292 1009 434 1076 exemplo,
446 1009 495 1077 qni
503 1013 583 1064 Pater
590 1011 809 1064 circumcisionis
816 1011 933 1080 dicitur,
944 1014 1010 1081 quia
1020 1014 1127 1082 primus

64 1093 189 1146 omnium
200 1092 255 1146 suit
268 1092 459 1158 circumcisus,
472 1098 500 1146 et
511 1093 730 1146 circumcisionis
741 1103 912 1161 praeceptum
921 1111 973 1163 pro
989 1113 1019 1151 se
1030 1105 1057 1152 et
1068 1100 1127 1152 suis

64 1176 181 1240 posteris
192 1176 316 1242 accepit3
329 1176 417 1241 illius,
429 1176 557 1242 inquam,
570 1177 733 1242 patriarchae
750 1179 876 1244 exemplo
888 1180 1034 1234 confirmat
1049 1185 1126 1248 Apo-

65 1259 148 1311 stolus
164 1273 247 1313 suam
259 1259 295 1312 dc
306 1259 424 1326 gratuita
435 1273 484 1325 per
496 1259 580 1312 fldem
588 1257 787 1325 justificatione
807 1259 962 1314 doctrinam
975 1263 1005 1315 in
1019 1277 1081 1330 cap.
1097 1269 1123 1318 5.

65 1340 202 1394 traditam.

95 1427 109 1476 1
124 1429 153 1478 et
161 1427 190 1478 1.
201 1424 230 1494 j.
240 1424 343 1477 Probat
352 1423 488 1476 Abrabam
497 1421 677 1489 justificatum
689 1438 745 1477 non
757 1423 843 1478 fuisse
855 1439 905 1494 per
918 1440 1003 1494 opera
1011 1427 1123 1497 legalia,

65 1505 433 1574 autpercircumelsionem.
951 1556 953 1561 .

96 1590 122 1657 j.
133 1593 161 1643 5.
172 1591 268 1656 Usque
278 1589 314 1642 ad
324 1591 370 1642 19.
383 1589 486 1642 Probat
497 1588 591 1641 multis
608 1588 952 1657 rationibusjustitlcatum
969 1592 1055 1647 luisse
1076 1609 1126 1661 per

65 1673 156 1726 fldem.
519 1709 521 1713 ,

98 1759 146 1810 nc.
160 1761 191 1808 1⁰
203 1769 255 1824 per
262 1755 322 1808 baec
333 1755 433 1813 denes.
447 1757 491 1807 15.
502 1754 595 1820 verba,
603 1753 721 1810 eredidit
731 1754 883 1810 Aaronom
892 1757 966 1824 Deo,
978 1762 1006 1812 et
1015 1764 1126 1828 reputo-

65 1845 123 1901 tum
135 1843 179 1894 est
192 1837 243 1893 illi
251 1837 459 1910 adjustitiam
471 1844 499 1892 et
510 1851 560 1906 per
571 1838 747 1893 ratiocinium
763 1839 792 1892 in
804 1840 865 1895 baec
879 1840 964 1894 verba
979 1840 1125 1896 fundatum

67 1925 90 1990 i.
103 1927 136 1989 5,
149 1927 184 1987 1,
198 1926 226 1976 5.

97 2009 127 2058 1ο
139 2006 312 2059 Auctoritate
320 2004 432 2058 navidis
439 2003 510 2058 Paal.
521 2006 569 2070 st,
581 2002 957 2071 gratuitamjustillcationem
965 2007 1127 2074 prophetice

67 2089 258 2143 describentis.
272 2088 299 2157 i.
313 2091 343 2152 6,
357 2091 390 2154 ’1,
404 2091 432 2141 8.
1117 2104 1134 2133 .·

98 2177 126 2225 5ο
137 2175 177 2224 Ex
191 2177 317 2238 tempore
328 2211 336 2236 ,
349 2184 406 2239 quo
427 2169 564 2223 Abrabam
578 2168 745 2237 justificatus
765 2176 824 2237 est,
841 2171 1001 2237 quindecim
1015 2172 1124 2226 circiter

67 2257 145 2309 annis
157 2261 223 2309 ante
235 2253 485 2308 circumcisionem.
497 2254 525 2322 it.
540 2256 574 2316 9,
587 2257 633 2307 10.

98 2344 127 2392 1⁰
139 2343 180 2392 Er
191 2352 226 2392 eo
240 2337 317 2405 quod
333 2336 507 2390 circumcisio
521 2335 573 2388 fuit
592 2336 764 2404 signaculum
772 2335 886 2403 lustitiae
898 2335 956 2404 iam
975 2337 1083 2406 adeptae
1094 2336 1123 2392 iu

67 2422 200 2490 praeputio
213 2435 264 2488 per
274 2420 375 2474 fldem:
389 2419 456 2487 ergo
466 2418 638 2486 ipsajustttia
649 2419 795 2485 posterior.

98 2511 128 2559 5ο
138 2510 179 2559 Ex
189 2503 322 2573 mysterio
334 2503 487 2571 significato
498 2516 549 2568 per
559 2501 784 2568 jttstiflcationem
793 2503 909 2557 Abrabae
920 2503 1121 2570 incircumcisi;

67 2590 182 2655 scilicet,
196 2587 274 2656 qubd
284 2600 382 2640 omnes
393 2586 485 2640 forent
496 2598 546 2652 per
554 2585 638 2638 tidem
648 2585 678 2637 in
691 2585 829 2639 Christum
840 2585 1020 2653 iustificandi.

97 2670 126 2722 6⁰
138 2671 179 2720 Ex
197 2664 383 2734 promissione
398 2663 484 2718 abeo
496 2663 569 2716 facta
582 2662 712 2730 Abrabae,
726 2663 803 2730 qnod
820 2663 929 2717 futurus
947 2669 1019 2717 esset
1031 2664 1121 2718 haeres

66 2751 161 2804 mundi
173 2767 180 2804 ι
194 2749 256 2802 boec
270 2747 419 2814 promissio
436 2747 563 2800 absoluta
580 2752 636 2811 est,
650 2746 667 2800 a
679 2746 748 2814 legis
766 2747 896 2812 operibus
915 2745 1121 2813 independens;

67 2836 118 2889 imo
137 2833 303 2888 redderetur
321 2830 415 2894 irrita,
428 2830 452 2882 si
466 2828 563 2898 elegis
582 2829 758 2883 observantia
771 2829 951 2896 dependeret3
968 2829 1123 2896 completur

67 2924 154 2972 autern
170 2916 384 2980 certissimeper
393 2913 485 2966 fldem.
496 2912 562 2965 lded
571 2925 628 2965 non
639 2912 801 2981 perlegam,
814 2912 864 2968 sed
874 2927 923 2981 per
934 2912 1018 2966 fldem
1027 2911 1122 2980 iltius·

67 3003 184 3057 tidcatio.
195 3003 256 3054 Hoc
265 2999 305 3052 ita
317 2997 455 3061 stabilito,

96 3086 249 3155 i.18,19,
261 3085 310 3146 10,
326 3084 359 3133 11
371 3120 379 3145 ,
391 3081 437 3134 11.
454 3079 596 3148 llagnitlce
609 3077 740 3131 describit
759 3077 843 3131 fldem
858 3075 984 3131 Abrabae.
996 3077 1122 3145 Denique

67 3168 200 3225 concludit
206 3164 419 3234 ,asserensidcd
425 3164 462 3217 ad
467 3177 519 3217 nos
526 3176 576 3230 per
583 3162 738 3229 Scripturas
746 3161 936 3215 transmissam
941 3174 1001 3214 esse
1005 3160 1122 3217 Abrabae
1132 3202 1136 3209 .

65 3252 287 3318 jttstificationem
298 3262 348 3315 per
361 3247 458 3314 ildem3
471 3252 502 3301 ut
514 3260 567 3300 nos
577 3244 642 3300 fidei
650 3244 766 3301 nbrabae
774 3250 937 3315 sectatores,
948 3243 1020 3301 illius
1030 3241 1123 3314 etius·

68 3338 125 3392 titire
135 3348 264 3393 essemus
276 3331 435 3402 participes.
