2520 4440
472 245 810 301 APPROBATIONES.
1123 264 1171 300 xrx

110 336 200 388 Christi
212 334 349 401 dimotis
364 335 482 389 exclamet
497 359 503 389 ι
519 341 604 392 Noooe
617 355 660 391 eor
672 347 786 390 nostrum
798 340 889 391 ordene
903 346 957 391 erat
972 340 1000 390 io
1019 339 1098 398 nobis,
1110 342 1171 390 dum

109 415 215 474 operiret
227 413 305 463 nobie
315 413 481 476 Suiptoroe?

134 486 184 536 iioc
206 489 286 548 igitur
305 500 384 550 opus,
402 501 452 537 non
466 487 549 540 solim
570 489 694 538 inotienso
708 489 771 551 pede
790 490 901 551 percurri
919 492 1016 551 potent,
1028 491 1088 551 quia
1107 489 1170 538 nihii

108 559 160 609 tidei
174 560 340 622 christiano,
353 566 378 612 et
394 565 443 627 piis
456 562 570 611 moribus
584 565 742 613 eontrarium
761 565 876 612 continet
887 582 893 622 ;
904 562 948 611 sed
965 564 1077 613 maximi
1098 566 1175 612 etiam

108 647 160 684 eum
174 635 303 696 utilitate,
314 640 371 685 tum
391 639 450 698 quia
463 639 595 686 veritatem
607 639 632 685 et
648 637 814 697 charitatem,
827 640 919 687 mentis
935 640 960 686 et
977 639 1059 687 cordis
1072 641 1152 687 vitam
1165 676 1172 698 ‚

105 710 233 771 oriemur
256 713 281 759 et
294 711 389 760 attente
400 710 557 773 legentibus,
572 711 665 773 ubique
676 715 754 774 spirat
762 732 769 773 ;
782 717 838 761 tum
851 714 911 773 quia
927 713 991 761 miri
1003 712 1080 772 hujus
1102 713 1171 764 Aue-

105 787 161 834 toris
172 785 317 845 industrio,
329 787 466 848 unicuique
486 784 573 835 sedulo
584 789 610 834 ot
623 786 725 835 cordato
743 786 840 835 Lectori
857 786 948 836 claritis
964 786 1059 847 patebit
1075 792 1169 846 quanto

104 859 154 918 jure
169 859 202 907 tie
217 858 338 909 omnibus
352 859 403 908 divi
425 859 497 909 Pauli
515 859 626 921 epistolis
639 859 689 910 dici
707 864 803 921 potest,
816 859 883 921 qnod
901 861 954 922 ipse
967 859 1059 908 Paulus
1070 858 1101 908 de
1114 860 1170 909 aliis

105 932 238 996 scripturae
258 930 330 982 libris
350 933 469 996 protulit3
490 933 584 986 seilicet
601 933 668 995 quod
686 936 815 984 instruant
838 947 884 984 nos
904 934 936 983 ad
961 934 1085 993 salutem,
1104 933 1171 995 quod

105 1007 173 1056 utiles
185 1008 240 1057 sint
253 1006 286 1056 ad
298 1007 439 1057 docendum
450 1044 457 1068 ,
467 1007 499 1056 nd
509 1009 667 1068 arguendum
679 1045 686 1068 ,
698 1008 730 1057 ad
742 1009 947 1071 corripiendum,
962 1008 994 1057 ad
1003 1008 1170 1058 erudiendum

105 1082 128 1130 in
138 1083 260 1142 lustitia3
276 1083 312 1131 ita
324 1084 354 1130 ut
363 1094 408 1144 per
420 1094 462 1131 ene
477 1082 601 1145 perfectus
620 1085 653 1133 sit
667 1083 744 1133 horno
755 1083 798 1132 iiei
809 1120 816 1144 ,
828 1088 854 1133 et
865 1083 899 1133 nd
909 1095 984 1133 omne
996 1084 1091 1132 honum
1108 1096 1170 1145 opus

104 1159 250 1207 instructus.
267 1156 360 1207 Datum
375 1157 493 1216 Parisiis,
512 1157 539 1207 in
553 1159 698 1219 supradicto
709 1159 860 1220 conventu,
877 1157 920 1208 tie
940 1161 970 1208 20
984 1160 1085 1218 martii,
1101 1171 1169 1207 anno

550 1307 578 1356 F.
595 1307 737 1357 Snvrnrnos
749 1344 756 1368 ,
770 1307 898 1357 Parisinus
909 1306 1059 1370 capucinus.

263 1579 383 1629 Facetias
402 1580 530 1629 reverendi
543 1582 804 1641 patrisProeinciair's
820 1583 1005 1643 Copucioorum

479 1655 616 1715 provincio
634 1656 795 1706 Parisiorsir.

128 1781 178 1833 Nos
194 1781 223 1831 F.
239 1780 312 1841 nugo
324 1779 471 1841 Parisinus,
483 1780 578 1830 ordinis
595 1780 700 1829 fratrum
714 1785 843 1832 minorum
854 1786 935 1834 saneti
948 1784 1074 1834 Francisci
1087 1785 1168 1847 eapu-

103 1858 233 1916 oinorum,
246 1857 385 1918 provincio
400 1854 547 1930 Parisiensis
559 1855 739 1916 Provincialis,
753 1856 813 1906 lieet
829 1859 984 1919 immortuo,
1000 1859 1059 1908 erim
1073 1859 1166 1908 librum

104 1930 232 1983 reverendi
246 1930 275 1980 P.
291 1929 319 1978 F.
331 1929 480 1980 Bernnrdini
490 1929 521 1979 de
537 1930 692 1993 ricqurgny,
709 1933 845 1992 provincio
859 1937 951 1982 nostroe
963 1932 1131 1983 exdessnitoris
1142 1938 1167 1982 et

104 2020 176 2059 roorae
186 2002 323 2067 theologie
336 2005 461 2065 Lectoris,
473 2005 514 2055 cui
524 2004 613 2054 titulus
624 2009 662 2054 est
676 2024 682 2053 z
696 2005 871 2066 Epistoiarum
880 2009 953 2056 Beati
963 2007 1042 2055 Pauli
1054 2008 1167 2068 Apostoli

103 2082 232 2147 [matio
245 2079 414 2142 eripiemuo
430 2080 525 2129 ordinis
538 2082 618 2130 nostri
627 2079 751 2141 theologi.
763 2081 854 2140 quihus
864 2081 889 2129 id
903 2083 1066 2130 commissum
1076 2080 1165 2140 iuerat,

102 2157 312 2221 recognoverint,
322 2157 347 2204 et
365 2156 393 2203 in
403 2153 485 2204 lucem
497 2153 536 2204 edi
552 2167 624 2217 posse
635 2155 797 2217 probaverim
809 2173 816 2204 ι
826 2154 874 2204 Pro
885 2158 1006 2217 potestate
1019 2155 1091 2205 nobis
1101 2153 1167 2204 taeta

105 2232 132 2283 ab
141 2231 285 2283 admodum
295 2229 433 2280 reverendo
447 2232 518 2294 patre
531 2229 669 2291 Augustino
682 2229 697 2278 i
711 2230 833 2290 Tissnna,
850 2231 946 2280 ordinis
965 2231 1044 2281 nostri
1054 2229 1167 2279 Ministro

105 2307 208 2368 generali
219 2344 227 2368 ,
240 2304 391 2355 facultatem
405 2305 568 2355 concedimus
581 2304 714 2368 praeiatum
730 2304 824 2354 librum
837 2308 903 2368 typis
917 2304 1064 2355 mandandi.
1076 2305 1167 2355 Datum

105 2380 217 2445 ineos,
232 2380 277 2431 die
288 2384 303 2432 9
312 2381 381 2442 lunii
402 2383 470 2431 iret.

746 2455 773 2505 F.
786 2455 874 2515 Hono,
889 2455 1060 2518 provincialis.
