2520 4440
344 241 515 296 TRlPLEX
534 242 760 298 uxeoslrio.
780 245 861 300 chit
881 248 928 300 xl.
1112 249 1161 300 ddi

134 335 182 387 al.
200 336 234 387 Et
250 334 352 402 gratias
365 350 451 403 agens
464 336 545 405 tregit
597 335 629 386 ut
642 337 692 387 ileo
702 338 769 388 Palrl
781 342 872 401 gratias
880 353 956 401 agens
965 339 1049 401 ‚tregit
1063 341 1089 388 in
1101 339 1165 388 dno-

98 415 127 464 οι
140 410 211 463 dixit
225 425 233 463 t
253 411 376 479 Accipite
388 419 416 466 er
427 414 546 466 manda.
568 404 650 454 deolm
661 411 759 468 partes,
772 412 797 456 et
813 407 964 458 distribuens
975 445 981 467 ‚
993 407 1055 456 dixit
1069 427 1075 456 r
1089 408 1165 456 heci-

99 494 162 542 ΜΘ
176 505 183 541 3
197 489 252 542 hoc
263 495 305 542 est
317 485 420 557 pomus
431 507 542 556 meum,
568 475 617 534 pite
630 477 655 522 et
671 473 835 533 manducate,
851 475 900 523 hoc
912 478 949 523 est
962 487 1053 536 corpus
1067 486 1163 534 mcum,

99 568 179 634 quod
191 581 243 633 pro
255 567 544 623 vobjstradetumhoc
566 544 633 605 quod
645 557 690 606 pro
709 544 779 594 vobis
792 545 823 593 ad
837 549 943 594 mortem
965 544 1078 594 tradetur
1090 563 1098 596 r
1115 545 1164 594 hoc

144 645 150 656 .
194 645 201 656 .
568 613 574 657 i
625 623 651 658 nr
708 610 756 658 uod
770 623 806 658 nu
936 613 942 624 '

98 642 223 776 33¹²ng
235 657 326 699 meam
340 659 544 701 ⁰⁰mmem0m‘
567 623 735 739 sdscssessosss,
748 609 1162 730 {aeltrgcfflrsseffigflitmrcon

98 911 171 1031 duh
185 911 218 960 ut
233 911 333 972 occas
341 923 425 975 apen.
436 911 538 962 Scilicet
546 911 598 961 lieo
610 911 686 960 Patri.
699 912 736 961 hb
752 911 800 961 hac
812 914 950 972 gratiarum
960 914 1060 964 actione
1068 913 1163 965 dicitnr

118 992 153 1030 uc
172 981 269 1029 aristla.

126 1048 244 1101 Ecclesia
266 1050 295 1099 ln
316 1061 414 1100 canone
432 1048 502 1100 addit
519 1052 571 1100 :Et
583 1049 685 1099 elevatis
704 1050 784 1100 oculis
807 1052 836 1099 io
850 1049 949 1101 celum.
968 1050 1031 1114 Quia
1048 1053 1163 1105 Christus

97 1132 223 1184 magnum
235 1119 428 1181 caldemarus,
441 1120 529 1170 oculos
538 1122 565 1169 iu
576 1120 669 1169 ooelum
678 1120 773 1170 solebat
783 1120 876 1170 levare.
888 1119 976 1172 llatth.
990 1125 1027 1173 ll.
1039 1124 1111 1174 loon
1123 1129 1161 1174 ll.

95 1186 102 1193 '
127 1189 207 1241 Addit
219 1191 297 1239 etlam
310 1188 439 1240 benedicit.
451 1187 522 1251 Quod
538 1202 568 1237 ex
579 1189 607 1237 ll.
627 1188 743 1238 blatthaeo
756 1192 782 1238 et
796 1188 879 1238 blarco
897 1192 1015 1252 sumpsit.
1028 1192 1060 1241 llt
1071 1191 1165 1243 meritb

96 1259 264 1321 distinguitur
275 1258 417 1309 benedictio
430 1260 445 1309 d
460 1261 597 1320 gratiarum
611 1260 718 1307 actione.
730 1259 788 1307 llaec
800 1260 869 1308 enirn
886 1257 966 1308 licum
982 1263 1103 1323 respicit,
1119 1265 1161 1312 cui

95 1331 180 1391 agitor
196 1329 296 1389 gratia3
312 1326 355 1376 ilia
373 1326 434 1376 verb
446 1330 606 1386 creaturam,
618 1338 694 1386 super
707 1339 783 1387 qnam
794 1325 838 1375 Del
856 1327 938 1376 virtus
949 1339 994 1390 per
1008 1328 1161 1380 benedictio·

93 1409 157 1446 nem
176 1398 320 1446 invocatur.
330 1395 395 1445 ilinc
405 1394 548 1444 benedictio
559 1394 678 1456 precedit
689 1396 915 1445 consecrationem.

124 1471 214 1533 Frepit
230 1472 257 1520 ln
275 1469 409 1519 duodecim
427 1473 520 1530 partes.
533 1470 566 1517 Et
583 1469 664 1526 dicit,
678 1468 840 1518 distribuens.
855 1466 923 1517 Dixit
941 1474 1026 1521 autern
1045 1483 1161 1523 sermone

92 1541 239 1604 operatorio
250 1543 275 1588 ct
287 1541 314 1588 in
328 1540 433 1587 instanti
449 1537 567 1587 efficienti
580 1537 647 1598 quod
658 1539 786 1586 enuntiat.

123 1607 224 1671 Duplex
235 1611 337 1656 notatur
349 1609 376 1656 ln
385 1606 520 1667 Evangelio
534 1618 617 1656 sermo
627 1605 720 1654 Christi
733 1606 832 1654 Domini
845 1608 1008 1670 operatorius.
1022 1607 1093 1659 Unus
1104 1613 1161 1671 qul-

91 1679 153 1729 dcm
164 1689 211 1741 per
226 1679 405 1740 imperativum
414 1676 533 1736 modum,
545 1689 571 1725 v.
583 1688 617 1738 g„
633 1673 766 1734 mandere,
779 1689 864 1738 carpe,
874 1677 976 1739 respice.
985 1678 1095 1736 latore,
1105 1681 1161 1728 ceni

90 1748 176 1810 foros.
189 1745 268 1795 Aliter
286 1746 451 1795 allirmatlvus
463 1747 595 1808 presentis
605 1746 742 1807 temporis,
756 1744 861 1794 loannis
880 1747 903 1794 l.
918 1745 1000 1794 Filius
1012 1752 1070 1796 tuus
1081 1749 1161 1809 civit.-

89 1818 156 1867 an.
176 1819 215 1866 13.
234 1815 339 1874 halin,
354 1816 459 1866 dimisso
476 1829 500 1865 cr
519 1815 552 1864 cb
571 1815 727 1878 infirmitate.
747 1813 779 1862 Et
799 1813 945 1875 husjusmodi
968 1817 1007 1864 est
1023 1819 1159 1878 propositio

89 1885 188 1935 Christi
201 1904 208 1933 r
223 1886 276 1934 lloc
287 1890 321 1934 est
338 1896 430 1946 corpor
449 1897 541 1932 meum.

121 1959 237 2022 Accipite
247 1964 271 2008 et
284 1960 441 2009 manducate.
461 1958 540 2008 Verba
556 1960 617 2007 sunt
631 1959 779 2017 invitantis,
793 1969 846 2007 non
865 1959 1021 2020 imperantis.
1042 1960 1158 2023 Accipite.

89 2029 200 2080 Scilicet
214 2031 242 2077 ln
253 2030 379 2078 manibus.
392 2029 456 2078 lllnc
468 2040 523 2078 mos
532 2031 585 2077 erat
596 2029 716 2088 antiquus
728 2028 755 2076 in
767 2027 885 2076 manibus
897 2027 1082 2078 Eucharictlam
1091 2032 1160 2079 acci-

88 2089 181 2162 piendi
191 2132 198 2157 ,
208 2108 261 2146 non
270 2099 298 2146 in
309 2110 352 2147 ore
361 2134 368 2158 ‚
378 2097 409 2146 de
422 2110 501 2147 manu
519 2095 669 2157 sacerdotis,
682 2099 711 2145 ut
721 2095 806 2145 modo.

122 2173 180 2222 Hoc
190 2176 224 2220 est
236 2183 326 2234 cerpus
341 2185 433 2221 meam.
448 2171 491 2221 Cr.
504 2171 553 2220 hoc
570 2183 656 2221 meum
668 2173 706 2221 est
727 2182 827 2233 corpus.
840 2170 967 2221 Probabile
980 2176 1084 2234 putatur
1092 2173 1159 2234 qudd

88 2240 212 2292 Christus
225 2239 331 2290 dixerit:
344 2241 396 2291 lloc
415 2253 502 2290 meum
512 2253 611 2302 corpus.
623 2239 687 2301 Quia
698 2240 794 2289 liebraei
806 2242 831 2288 et
841 2239 897 2302 Syri
908 2240 1013 2289 verbum
1022 2241 1160 2291 substanti-

87 2322 157 2360 vum
171 2322 225 2360 non
241 2313 386 2373 exprimunt
402 2310 475 2361 clmb
490 2311 621 2374 presentis
631 2311 752 2373 temporis
768 2322 820 2359 non
832 2309 935 2359 habent.
948 2308 1009 2358 Vide
1024 2310 1123 2361 Estlum
1134 2317 1159 2362 et

83 2378 242 2430 Cornelium
254 2382 274 2431 d·
281 2380 383 2444 lapide.

122 2450 231 2500 Videtur
241 2487 248 2511 ,
260 2454 285 2499 et
297 2449 451 2513 probabilius
465 2448 533 2510 quod
546 2450 601 2508 boe,
614 2451 767 2511 adjectivum
783 2451 824 2500 slt.
839 2450 925 2510 Sicut,
936 2436 982 2499 iiic
992 2449 1097 2500 calio...
1112 2453 1158 2501 llic
1237 2507 1240 2514 .

89 2525 128 2570 cet
140 2519 248 2582 coemam
254 2533 333 2570 meuc.
344 2521 399 2569 Non
411 2518 470 2568 verb
482 2518 531 2568 hoo
544 2523 582 2568 est
591 2521 692 2582 sangnis
703 2539 709 2569 ε
722 2519 782 2569 crim
792 2522 878 2569 tamen
889 2521 917 2568 ln
931 2531 1010 2580 gram
1024 2524 1159 2582 utrumque

89 2590 127 2639 sn
145 2590 174 2637 ln
194 2591 285 2637 neutro
302 2600 395 2649 genere
411 2591 480 2633 rocco
494 2587 522 2632 τὸ
534 2594 619 2647 σῶμα,
631 2593 700 2635 τοῦτο
712 2588 740 2634 τὸ
752 2594 878 2651 ποτήριον,
900 2590 986 2650 sicque
1003 2587 1158 2640 demonstrat

89 2668 188 2719 corpus
203 2656 271 2717 quod
281 2659 397 2706 enuntiat
411 2674 418 2705 ε
433 2657 530 2718 Corpus
541 2670 625 2707 mecm
639 2662 673 2706 ecl
685 2657 740 2707 hoc.

118 2731 195 2790 Quod
203 2743 253 2793 pro
266 2731 337 2780 cobis
346 2732 467 2781 tradetur.
477 2730 578 2780 Scilicet
592 2732 619 2780 lu
630 2735 747 2781 mortem.
757 2731 800 2781 Cr.
807 2731 949 2791 Frangitur.
958 2729 1014 2792 Syr.
1024 2733 1100 2779 etiam
1109 2729 1157 2779 ha-

88 2798 298 2860 bethrangitur.
304 2799 437 2861 Frangitur
446 2802 532 2849 autem
539 2799 721 2861 quoadspecies
728 2801 801 2861 panis
807 2798 929 2848 inChrlstl
935 2810 1025 2860 corpus
1033 2801 1156 2848 conversi.

123 2876 180 2925 lioc
190 2867 279 2937 facite,
293 2873 319 2922 id
332 2877 383 2935 cst,
393 2873 442 2922 hoc
453 2875 537 2936 ipsum
549 2873 616 2935 quod
626 2885 686 2934 ago,
696 2873 722 2922 id
730 2885 775 2922 vos
786 2876 811 2921 et
823 2884 977 2922 successores
987 2875 1063 2922 vestri
1072 2873 1156 2924 tacite.

123 2945 170 2995 llis
181 2944 266 2994 verbis
280 2943 395 2993 Christus
409 2944 533 3008 Apostolis
548 2945 601 2994 suls
614 2943 723 2994 contulit
737 2946 885 3006 potestatam
902 2943 1082 2994 consecrandi:
1096 2944 1157 2993 allis

89 3013 250 3078 impossibile
262 3015 429 3076 praecepisset.

125 3091 156 3139 lo
170 3101 253 3136 mecm
264 3089 530 3137 commensurationem.
550 3086 586 3147 ld,
599 3088 717 3148 inquam,
729 3086 822 3146 incltc,
836 3088 865 3135 ln
876 3086 926 3135 mel
936 3089 1095 3137 memoriam.
1103 3088 1157 3138 bla-

90 3157 162 3210 ximd
183 3155 321 3206 recolentes
340 3169 454 3207 amorem
467 3170 517 3218 quo
528 3159 706 3219 memetipsum
716 3169 762 3218 pro
777 3155 847 3206 vobis
861 3158 888 3205 in
899 3159 1006 3206 mortem
1024 3159 1125 3208 tradidi.

123 3242 284 3292 Oasunvrrro
295 3253 413 3290 tonsus.
422 3266 455 3277 -
463 3241 627 3289 incruentum
639 3238 792 3288 sacrificinm
805 3241 833 3288 lu
844 3241 992 3289 memoriam
1004 3244 1102 3291 cruenti
1116 3244 1157 3292 ln·

91 3313 214 3362 stitutum
228 3313 274 3360 est.
286 3309 338 3358 lloc
350 3321 407 3371 ergo
421 3308 597 3371 cogitantium,
609 3307 657 3356 hoc
667 3306 829 3358 recolendum
841 3345 848 3369 ,
860 3308 909 3358 hcc
924 3309 1094 3360 sentiendum.
1105 3309 1157 3360 ilar

91 3381 237 3431 sentiamus
247 3379 275 3428 ln
287 3377 376 3439 nobis,
387 3377 454 3440 quod
466 3377 582 3427 Christus
591 3376 663 3425 lesus
679 3379 758 3426 sensit
768 3379 794 3426 in
807 3389 843 3427 se.

123 3448 242 3512 Optimus
251 3447 335 3508 itaque
345 3446 501 3506 celebrandi,
512 3444 735 3504 communicandi,
747 3445 849 3495 Missam
866 3445 984 3495 audiendi
994 3485 1001 3507 ‚
1013 3448 1064 3494 imo
1077 3449 1102 3494 et
1112 3459 1142 3494 oo
1157 3471 1160 3476 ·

90 3530 150 3568 ram
163 3516 323 3566 sanctissimo
337 3515 498 3565 Sacramenta
512 3512 600 3563 orandi
616 3512 722 3574 modus,
737 3526 814 3575 quern
831 3514 957 3575 Christos,
974 3519 1001 3563 ut
1017 3517 1068 3563 ase
1086 3515 1162 3574 prta·-

91 3586 209 3650 cipailler
222 3588 350 3634 intentum
361 3621 367 3645 ‚
380 3584 451 3633 nohis
465 3583 542 3632 semel
554 3583 597 3632 hic
610 3588 635 3632 et
644 3584 737 3638 lterum
749 3596 824 3634 versu
834 3587 949 3646 sequenti
957 3582 1154 3640 commendarit,

91 3661 132 3708 est
146 3655 258 3706 recolere
275 3655 424 3703 memoriam
439 3654 562 3716 passionis
571 3652 717 3704 llomluieae.

124 3725 187 3776 Fide
202 3725 260 3775 vird
275 3725 404 3774 Christum
426 3723 513 3772 lesum
534 3723 626 3772 lilium
648 3721 707 3782 liei,
721 3734 767 3785 pro
785 3722 857 3772 nobis
876 3721 1024 3772 crucillxum
1046 3720 1154 3776 lntuerl;

91 3794 369 3858 bacquelldc,omn1a
384 3792 466 3842 facere
477 3805 563 3841 coram
579 3791 666 3851 altari,
676 3803 732 3852 quac
743 3804 829 3840 coram
842 3791 901 3840 lesu
922 3788 1020 3836 Christo
1036 3783 1154 3858 crucilixo

93 3865 243 3915 fecissemus
254 3882 261 3923 ς
276 3862 399 3924 compati,
413 3865 516 3923 peccata
525 3862 610 3908 nostra
624 3858 756 3920 detestari;
766 3858 859 3915 Christi
870 3861 976 3906 mortem
988 3866 1034 3916 pro
1047 3855 1156 3914 peccatis

93 3935 189 3985 nostris
200 3931 290 3982 offerre
299 3966 308 3991 ‚
317 3931 345 3980 in
361 3942 418 3981 cam
431 3939 547 3993 sperare,
559 3927 630 3979 illam
641 3927 712 3978 uobis
724 3925 827 3976 reddere
838 3924 964 3989 propriam
974 3926 999 3971 et
1012 3922 1082 3983 quasi
1100 3934 1150 3970 nos
