2520 4440
208 213 377 267 TRIPLEX
399 215 623 270 Exposirio.
646 217 728 272 GAP.
748 217 833 270 xiii.
995 217 1047 269 toi

66 313 114 364 or,
125 306 192 366 quod
201 310 226 356 te
236 308 374 358 solventem
388 309 478 359 ditabit
491 329 498 360 ε
514 314 539 359 et
549 310 578 360 eo
589 310 698 374 amplius
712 310 817 372 ditabit,
830 307 881 370 quo
890 309 1049 373 promptius,

66 384 98 439 is,
106 377 133 422 et
146 374 272 425 liberalius
284 377 395 427 solveris.

66 453 76 489 o
95 443 179 493 virtus
191 457 278 495 omues
295 448 402 496 uirtutes
417 446 541 509 includit,
552 449 638 497 omnia
654 450 716 498 vitia
728 447 849 509 destruit;
862 459 892 496 ox
903 458 955 497 uno
972 445 1052 495 latero

72 509 255 562 abstinentiam
268 514 283 563 a
294 512 376 576 maio,
386 517 422 564 ait
434 516 463 564 D.
480 515 689 578 chrysostomus:
703 516 801 565 malum
821 517 890 564 euim
900 527 952 564 uon
962 526 1050 578 opera-

66 589 83 624 x
101 577 182 628 altero
198 580 273 630 habet
285 582 411 632 efficacem
424 583 549 633 honorum
560 585 731 648 operationem
745 584 912 646 solumnodo,
927 594 971 631 sou
987 594 1051 633 oon·

66 649 126 698 tatio
143 649 220 713 leuis,
234 652 343 702 dilectio.

66 743 126 780 irro.
143 733 222 783 -Er
232 747 259 783 n.
281 738 319 785 it.
333 735 368 785 No
379 737 407 785 in
418 738 528 799 peccatis
541 736 651 788 dormias
669 747 798 798 unquam,
811 736 895 784 autin
908 736 952 813 via
962 733 1051 784 salutis

66 811 113 861 oas
119 819 127 861 3
139 803 270 852 recordare
278 803 421 866 frequenter
429 805 522 855 horum
534 804 644 867 Apostoli
652 804 788 854 vorborum
800 822 807 851 ι
817 805 889 852 Horu
897 809 932 852 est
939 816 995 865 Jom
1007 815 1054 850 noo·

66 881 118 917 noo
133 884 246 934 surum.
256 875 322 924 Eoos
336 874 443 924 elabitur
456 877 524 936 vita,
537 887 606 924 mors
625 876 718 935 instat,
736 874 808 923 adest
826 875 968 933 aternius,
980 870 1050 920 adest

66 937 97 987 ile
104 940 252 1002 judicium,
267 946 414 994 aternitatis
426 944 575 994 decisivum.

66 1019 110 1056 om
123 1014 196 1060 utere
207 1013 304 1074 verbis,
321 1019 350 1063 ut
363 1014 396 1063 ad
410 1015 507 1067 bouum
517 1013 596 1073 lueis,
613 1024 658 1063 seu
678 1013 765 1073 gratia
780 1022 871 1072 usum,
888 1012 1052 1072 temetipsum

66 1090 87 1126 s.
99 1079 157 1128 Noa
168 1084 303 1144 processit
312 1088 412 1146 tempus
424 1084 582 1144 ignorantias,
591 1081 768 1141 tenebrarum,
779 1079 927 1160 idololatria)
938 1079 1053 1145 elapsurus

66 1149 124 1196 rius
138 1151 177 1197 est
190 1150 228 1198 sol
242 1153 362 1212 jnstitiae,
373 1151 535 1200 ambulamus
550 1153 577 1200 in
594 1149 635 1198 die
645 1169 653 1211 ς
664 1161 721 1210 ergo
737 1149 805 1198 siout
816 1150 844 1198 in
857 1147 915 1209 dio,
927 1150 954 1198 iu
967 1146 1050 1198 modia

66 1217 176 1279 onusto,
191 1220 278 1270 saneto
287 1223 402 1270 vivamus
418 1233 505 1271 coram
520 1220 570 1269 Deo
582 1224 607 1289 et
616 1217 773 1267 hominibus.

66 1297 104 1334 tuo
118 1288 249 1338 modicum
267 1289 381 1339 tranen...
397 1288 444 1339 llio
456 1287 543 1339 sanott
556 1291 659 1336 utamur
675 1285 708 1335 ad
722 1286 787 1335 beno
805 1283 979 1349 operandum
991 1294 1055 1334 ocos

66 1365 76 1402 ι
92 1366 147 1416 qua
161 1369 215 1406 non
226 1361 313 1420 potero
328 1360 437 1420 operari.

66 1445 133 1486 uro.
144 1438 224 1487 -Ex
236 1453 263 1489 n.
277 1441 315 1488 ii.
328 1439 396 1489 diseo
407 1438 469 1500 quid
483 1441 515 1488 sit
524 1438 682 1488 Christianus
691 1449 721 1488 ex
730 1438 760 1487 1).
771 1435 850 1487 Paulo
863 1456 870 1487 ε
882 1437 960 1487 homo
970 1435 1055 1486 chris

65 1503 179 1567 udutus3
191 1509 261 1558 intus
272 1507 365 1558 Christi
377 1508 493 1568 gratita
505 1510 595 1569 spiritu
610 1509 753 1566 animatum
768 1505 878 1555 extortus
892 1505 988 1555 Christi
1001 1506 1053 1553 rir-

68 1586 98 1634 s,
109 1576 261 1638 sobrietate,
270 1580 384 1628 castitate
393 1613 400 1638 ,
411 1576 555 1626 humilitate
565 1575 711 1638 ‚patientta
721 1575 844 1655 charitate
852 1574 967 1653 indutum
976 1572 1057 1622 homo

66 1655 74 1690 ›
90 1643 161 1693 solus
172 1650 278 1708 apparet
288 1646 417 1707 Christus3
426 1647 504 1695 homo
519 1647 563 1707 qui
574 1645 658 1694 diuers
668 1645 768 1707 possit:
783 1643 844 1693 Vaoo
858 1656 919 1705 eqo,
929 1655 987 1705 som
1003 1652 1055 1690 ooo

66 1709 122 1760 tivit
134 1714 197 1762 uero
209 1715 238 1763 io
246 1726 286 1764 me
301 1715 422 1765 Christos.
881 1719 885 1725 ’
907 1765 910 1769 ,

66 1782 101 1830 ui
112 1782 219 1841 quaudo
230 1783 389 1835 christianus
409 1780 639 1834 etoichristianus
658 1780 730 1843 quusi
747 1776 810 1830 altor
820 1777 956 1831 christun
969 1778 996 1827 et
1008 1787 1057 1838 eso

66 1860 86 1899 u
101 1851 215 1902 rebeliis.
