2520 4440
315 276 481 329 rulebux
500 278 725 335 bxeoswlo.
746 284 829 336 cle.
851 286 889 337 11.
1097 289 1134 343 25

61 370 220 435 peribunt:
241 374 271 422 et
294 370 463 438 quicumque
483 371 512 424 in
535 372 625 433 ibunt,
640 377 666 422 et
677 376 828 437 punientur,
840 390 891 427 nan
906 376 1134 442 1111111111-

62 447 122 513 lege
136 453 345 513 peccaverunt,
358 462 407 516 pes
421 450 512 517 legem
534 441 654 491 ricatores
667 441 728 503 legis
737 443 864 505 Massiuam
873 446 916 495 sed
925 452 1134 508 tanquamtrana·

65 517 276 588 judicabuntur,
534 522 657 569 grassores
669 511 730 572 legis
745 513 869 564 naturalis
881 533 888 563 ε
901 519 927 563 et
937 519 1090 578 quicumque
1105 520 1133 568 ln

534 578 586 640 lege
597 579 704 629 llosaica
717 587 902 643 peccaverunt,
916 597 960 646 per
972 586 1134 636 1111111111·-

534 659 589 706 gem
613 651 638 696 et
654 650 727 708 juxta
747 649 816 700 illius
839 654 1063 713 transgressionem
1083 670 1132 719 pu·
1234 677 1236 682 ·

534 718 646 766 alentur.

96 784 144 833 te.
155 781 220 834 Non
234 779 310 834 enim
321 779 464 834 auditores
474 781 511 833 le·
564 785 664 836 illenim·
674 787 742 849 apud
759 789 839 838 ileum
855 791 918 850 Justi
927 789 1068 852 habentur,
1080 806 1132 843 nan

64 856 180 924 gjsjuspi
190 855 342 923 suntapud
349 860 450 922 neum,
461 859 511 910 sed
533 855 576 912 qui
594 853 674 915 legem
691 858 821 919 acciplunt
831 895 838 918 ,
850 858 958 908 andiunt
974 861 999 907 et
1012 871 1122 909 veneran

64 931 508 1000 sactorffipegisjusfififflbunmp·
533 925 591 983 tur;
612 924 656 971 sed
678 926 722 984 qni
747 930 849 976 serrant
867 941 938 987 eam,
958 929 1011 976 slve
1033 932 1132 991 scriptis

533 993 687 1053 receperint,
697 997 726 1044 ut
736 995 817 1045 luder
827 1033 833 1056 ,
842 997 895 1045 slve
908 999 952 1057 qui
965 1010 1017 1046 non
1029 1000 1131 1061 scripto,

533 1058 617 1108 sedin
631 1062 706 1111 corde
717 1071 879 1125 receperunt,
894 1069 924 1112 ut
934 1064 1053 1114 Gentiles.

95 1121 511 1192 1l.cumenimcentes‚quae
563 1128 627 1177 com
648 1133 717 1180 enlm
736 1132 863 1194 Gentiles,
881 1136 923 1195 qul
944 1133 1023 1194 legem
1043 1135 1132 1184 Mosai-

63 1199 154 1267 legem
168 1216 227 1255 non
238 1203 358 1268 habent,
375 1207 509 1257 naturali.
533 1212 590 1248 cam
611 1213 663 1249 non
683 1206 852 1263 acceperunt,
869 1202 979 1251 naturali
1000 1216 1030 1252 ex
1048 1204 1132 1255 libero

65 1279 507 1347 [ergaquaelegjssum'facjunp’
532 1267 669 1318 voluntatis
684 1275 770 1330 motu,
784 1270 863 1331 gratia
881 1276 966 1325 tamen
983 1277 1130 1336 preventa,

64 1353 204 1420 ejusmodi
220 1358 311 1424 legem
326 1373 385 1411 non
402 1360 510 1413 haben,
533 1335 633 1418 iaciunt
659 1351 715 1418 quta
738 1351 782 1400 per
804 1338 892 1420 'legem
914 1338 1053 1420 jubentur3
1074 1341 1130 1402 illi,

64 1436 119 1496 les,
132 1433 189 1499 ipsi
202 1433 255 1485 sibi
267 1438 333 1486 sunt
347 1435 412 1487 lex:
532 1418 647 1465 quamvls
666 1419 720 1455 srne
735 1406 849 1456 Mosarcae
869 1406 930 1468 legis
951 1409 1062 1468 scripto,
1081 1408 1130 1458 sibl

533 1476 581 1535 ipsi
596 1478 656 1523 sunt
671 1474 726 1534 lex,
738 1487 782 1523 seu
797 1477 853 1525 vice
869 1472 947 1536 legis:

94 1534 144 1585 15.
175 1534 230 1595 Qui
258 1533 411 1588 ostendunt
438 1549 510 1601 opus
562 1541 692 1605 lpsolacto
708 1542 898 1603 demonstrant,
912 1541 980 1603 quod
994 1542 1130 1604 legemus·

64 1611 132 1678 legis
158 1612 294 1676 seriptum
321 1612 350 1664 in
378 1612 510 1664 cordibus
532 1612 640 1661 turalem
656 1612 765 1661 habeant
781 1612 933 1685 insculptam
950 1613 976 1659 in
1001 1611 1130 1662 intellectu

65 1688 140 1755 suis,
160 1691 355 1744 testimonium
375 1691 509 1753 reddente
532 1693 591 1740 suo;
607 1694 651 1729 seu
667 1680 735 1742 quod
748 1682 822 1736 reelae
836 1681 942 1729 rationis
956 1681 1082 1729 dictamen
1097 1683 1131 1743 sit

64 1767 115 1820 ΗΜ
135 1769 309 1823 consciemffi
328 1769 468 1835 ipsorum,
482 1772 509 1819 et
531 1750 602 1810 quasi
633 1750 775 1810 scriptura,
800 1750 827 1797 lu
857 1748 959 1797 illorum
984 1747 1128 1808 intellectu,

63 1844 134 1898 inter
146 1859 179 1899 se
196 1845 315 1898 invicem
332 1845 508 1912 cogitationi,
531 1819 601 1878 quasi
617 1819 645 1865 ln
660 1816 762 1879 tabula,
779 1816 913 1880 descripta.
928 1818 1009 1878 liujus
1025 1820 1062 1866 rei
1076 1822 1128 1866 tes-

63 1921 114 1974 bus
131 1924 347 1990 accusantibus,
362 1926 410 1978 am
425 1923 508 1981 eliam
531 1889 668 1935 limoniam
682 1884 766 1936 reddit
776 1889 930 1935 conscientia
943 1889 1068 1949 lpsorum,
1079 1888 1130 1936 dic·

531 1958 588 2003 tans
599 1966 632 2003 an
640 1955 719 2014 bene,
728 1967 762 2003 an
771 1954 837 2004 malt
846 1958 953 2016 egerint3
961 1960 986 2003 et
997 1958 1131 2005 contrariis

64 1999 295 2068 defendentibus's
530 2023 725 2084 cogitationibus
745 2027 769 2070 ct
792 2024 858 2071 inter
884 2035 911 2071 se
934 2023 1128 2082 altercantibus,

530 2095 577 2141 aut
590 2104 714 2155 accusans
725 2095 750 2140 et
766 2091 927 2151 remordens,
940 2091 999 2139 crim
1013 2092 1062 2140 bec
1076 2092 1129 2140 dle-

482 2208 486 2218 ,
530 2167 617 2212 tamen
634 2161 775 2222 violarunt;
790 2164 835 2210 aut
853 2158 993 2224 approbans
1004 2164 1029 2210 et
1042 2161 1130 2210 deien-

531 2229 607 2291 dens,
625 2230 684 2278 crim
701 2230 875 2278 observarunt.

91 2366 124 2414 ut
133 2365 286 2426 quicumque
298 2365 327 2413 ia
339 2363 390 2427 leae
396 2381 406 2427 ;
418 2367 444 2415 id
458 2370 512 2428 est,
525 2367 605 2429 legem
616 2366 751 2416 Mosaicam
764 2366 885 2416 babentes
896 2371 1072 2428 peccaverunt,
1084 2380 1128 2430 per

64 2432 182 2483 eamdem
200 2432 280 2494 legem
291 2435 431 2494 punientur
440 2455 448 2496 ;
457 2435 484 2484 id
495 2439 545 2496 est,
558 2438 630 2496 Juxta
641 2437 850 2496 transgressiones
859 2433 927 2483 illius
938 2434 1007 2496 legis.

92 2504 158 2552 ilinc
170 2504 285 2563 sequitur
302 2501 370 2562 quod
381 2504 446 2554 lleus
462 2509 558 2555 nonsit
570 2518 735 2569 personarum
750 2510 883 2566 acceptor,
899 2503 958 2553 cim
970 2516 1057 2554 amnes
1070 2517 1128 2567 pec·

65 2576 182 2632 catores,
194 2570 247 2620 sive
258 2571 358 2621 ludaeos
368 2609 375 2633 ‚
386 2575 440 2623 sive
452 2574 564 2625 Gentiles
583 2576 673 2638 puniat
689 2576 760 2635 Juxta
771 2576 879 2622 reatum.

92 2642 159 2690 ilinc
176 2643 254 2689 etlam
273 2646 343 2704 patet
356 2642 424 2704 quoti
439 2644 525 2694 nullus
542 2645 619 2695 bomo
636 2646 668 2694 sit
681 2647 736 2693 sine
753 2643 819 2705 lege,
838 2642 926 2692 saltem
941 2645 969 2695 iu
987 2641 1062 2692 corde
1080 2654 1128 2691 suo

62 2710 154 2772 scripta
167 2728 174 2758 ε
187 2709 243 2759 haec
258 2709 298 2758 lex
310 2715 413 2760 accusat
425 2748 433 2771 ,
445 2715 591 2775 convincit,
604 2715 720 2774 judicat,
733 2715 757 2762 ct
768 2713 872 2762 damnat
882 2725 970 2761 omnes
980 2712 1118 2773 maltagen

62 2785 106 2829 tes.
121 2781 174 2830 Lex
190 2779 249 2841 ergo
263 2783 425 2831 conscientie
441 2785 493 2831 erit
504 2786 620 2833 omniurn
640 2785 774 2833 bominum
789 2783 866 2843 judex
885 2801 892 2831 ι
911 2782 1051 2831 secundum
1061 2782 1127 2830 bana

62 2849 159 2910 legem,
172 2850 256 2910 Deus,
267 2852 384 2899 amulum
395 2851 529 2900 hominnm
545 2858 641 2902 creator
651 2889 658 2912 ,
670 2855 718 2902 erit
728 2854 844 2901 omniurn
854 2852 988 2901 hominum
999 2851 1086 2911 judex:

91 2919 178 2985 seori
189 2919 334 2968 sollieitllla
348 2919 387 2969 lex
395 2923 445 2980 ,ut
457 2920 574 2970 homines
586 2925 772 2972 constituantur
782 2927 841 2970 ante
851 2921 931 2970 Deum
944 2923 996 2982 rai,
1010 2921 1071 2983 quio
1081 2925 1128 2971 erlt

62 2988 91 3038 de
100 2988 195 3049 nobis,
208 2990 252 3049 qui
265 2992 385 3050 praelerea
396 2988 475 3050 legem
487 2991 663 3052 Evangelleam
676 2993 822 3041 habemuse

89 3067 130 3113 13.
144 3063 205 3113 'Noa
218 3064 285 3111 urim
300 3064 428 3118 auditores
440 3063 500 3126 lepis
502 3098 572 3113 .......
584 3064 673 3114 Probat
683 3065 750 3127 quod
765 3065 845 3115 ludaei
859 3064 920 3125 legis
936 3069 1128 3125 transgressores

62 3133 211 3191 punientur.
224 3128 288 3189 Quia
301 3130 368 3192 apud
381 3131 461 3180 Deum
469 3134 533 3191 justi
549 3132 689 3194 habentur,
704 3140 755 3182 non
767 3135 811 3194 qul
825 3132 904 3194 legem
924 3135 1066 3194 accipiunt,
1080 3145 1128 3182 au-

61 3199 148 3260 diunt,
165 3202 192 3247 et
210 3203 365 3248 venerantur
376 3218 384 3248 z
396 3199 494 3261 sedani
507 3213 563 3250 eam
578 3206 687 3250 servant.
700 3201 763 3262 Eruo
781 3213 832 3250 uon
844 3201 896 3249 sola
909 3201 970 3249 tides
987 3201 1127 3261 justlllcat;

61 3268 177 3318 1111111111
191 3280 254 3319 curu
267 3268 393 3330 operibus.
407 3269 477 3318 idem
491 3282 520 3318 ex
534 3283 561 3319 n.
575 3272 599 3318 6.
617 3270 713 3332 collige.

90 3345 127 3394 tl.
140 3343 281 3394 cumcuim
297 3350 386 3405 penus,
395 3359 449 3407 qua
461 3345 537 3407 leuem
539 3380 597 3394 ......
610 3346 700 3395 Probat
712 3346 779 3406 quoe
791 3349 816 3395 et
830 3345 940 3395 Gentiles
951 3344 1004 3408 lege
1023 3359 1074 3395 non
1086 3359 1129 3396 ca·

60 3415 127 3474 rent;
139 3414 231 3473 alequa
240 3412 338 3462 bonum
351 3417 455 3474 possunt
466 3417 580 3475 operari,
595 3419 623 3463 nt
635 3429 664 3464 n.
677 3419 713 3465 10.
726 3416 823 3464 dictum
841 3419 887 3464 est.

88 3483 152 3532 Nota
165 3485 254 3531 lamen
266 3481 404 3543 quodcum
415 3483 561 3546 hlcdicilur
574 3504 581 3533 ε
595 3487 677 3534 Gentes
688 3499 743 3547 qua
754 3486 830 3547 leuem
842 3499 892 3534 uon
906 3485 1012 3544 habeut,
1024 3491 1130 3535 tratura·

61 3550 113 3602 liter
126 3565 158 3602 ea
174 3565 232 3614 quaa
245 3551 307 3613 leals
315 3558 388 3611 ruat,
405 3552 501 3616 {auant
503 3588 551 3604 .....
563 3554 627 3603 illud
638 3556 807 3613 naturaliter,
820 3567 864 3604 sen
875 3555 976 3615 naturt;
989 3568 1041 3604 non
1051 3565 1128 3615 oppo-

61 3625 128 3674 nitur
136 3625 241 3686 gratia,
256 3623 300 3672 sed
313 3623 362 3686 legi
373 3627 489 3686 scriptur
502 3637 554 3674 nou
566 3625 621 3674 vult
633 3627 690 3688 ergo
705 3627 803 3685 dicere,
818 3625 885 3687 quod
896 3625 987 3674 Gentes
998 3662 1004 3684 ,
1015 3627 1127 3673 1111111-

61 3693 117 3743 xilio
128 3695 219 3756 gratiae
230 3692 327 3742 faciant
338 3706 394 3754 quae
407 3694 467 3755 legis
474 3700 547 3752 sunt,
558 3695 601 3744 sed
610 3697 664 3744 sine
676 3695 769 3744 auxillo
780 3696 840 3757 legis
848 3696 956 3756 scriptae.
965 3694 1059 3742 Sensus
1070 3691 1127 3751 ergo

60 3766 108 3823 et,
119 3760 191 3824 quod
205 3761 319 3810 Gentiles
330 3763 385 3810 sine
395 3761 464 3823 lege,
477 3762 520 3812 sed
531 3763 610 3812 libero
621 3763 759 3812 voluntatis
775 3768 846 3812 motu
856 3799 863 3823 ,
873 3763 952 3824 gratia
965 3766 1051 3810 tamen
1062 3770 1127 3821 pru-

60 3833 184 3891 venienti,
198 3828 283 3890 legem
294 3829 462 3890 observantes,
470 3831 521 3892 ipsi
529 3832 579 3880 sibi
591 3838 649 3881 suat
661 3832 842 3894 temeratisque
853 3832 905 3878 suls
916 3829 1051 3877 ostendunt
1061 3829 1128 3887 qnod

60 3897 136 3962 legem
147 3900 247 3950 babent
256 3900 378 3960 scriptam
390 3902 416 3948 ln
430 3900 547 3950 cordibus
559 3905 610 3950 suis
625 3921 631 3950 ε
646 3905 674 3950 11
686 3903 713 3950 in
729 3914 793 3949 vers.
808 3913 859 3960 seq.
872 3898 916 3960 qui
928 3899 1055 3945 ostendant
1058 3931 1127 3945 .......

90 3977 128 4026 15.
144 3973 331 4026 i'estr'mouium
341 3976 494 4026 reddente...
507 3973 533 4024 lo
545 3979 599 4038 est,
609 3979 638 4030 (1
648 3975 724 4037 hujus
736 3977 771 4024 rel
783 3974 956 4024 testimonium
968 3969 1049 4018 reddit
1060 3972 1128 4032 lpso·
