<?xml version="1.0" encoding="UTF-8"?>
<!DOCTYPE html PUBLIC "-//W3C//DTD XHTML 1.0 Transitional//EN"
    "http://www.w3.org/TR/xhtml1/DTD/xhtml1-transitional.dtd">
<html xmlns="http://www.w3.org/1999/xhtml" xml:lang="en" lang="en">
 <head>
  <title>
</title>
<meta http-equiv="Content-Type" content="text/html;charset=utf-8" />
  <meta name='ocr-system' content='tesseract 3.04.00' />
  <meta name='ocr-capabilities' content='ocr_page ocr_carea ocr_par ocr_line ocrx_word'/>
</head>
<body>
  <div class='ocr_page' id='page_1' title='image "./epistolarumbpau00berngoog_0022.png"; bbox 0 0 2520 4440; ppageno 0'>
   <div class='ocr_carea' id='block_1_1' title="bbox 93 254 1180 3574">
    <p class='ocr_par' dir='ltr' id='par_1_1' title="bbox 117 254 1160 850">
     <span class='ocr_line' id='line_1_1' title="bbox 312 254 1160 321; baseline 0.014 -13"><span class='ocrx_word' id='word_1_1' title='bbox 312 254 544 321; x_wconf 81' lang='lat' dir='ltr'>OPERISQUE</span> <span class='ocrx_word' id='word_1_2' title='bbox 561 260 687 316; x_wconf 74' lang='lat' dir='ltr'><strong>RATIO</strong></span> <span class='ocrx_word' id='word_1_3' title='bbox 705 264 752 315; x_wconf 85' lang='grc' dir='ltr'><strong>ΕΤ</strong></span> <span class='ocrx_word' id='word_1_4' title='bbox 772 262 953 319; x_wconf 77' lang='lat' dir='ltr'><strong>oculsw.</strong></span> <span class='ocrx_word' id='word_1_5' title='bbox 1130 281 1160 320; x_wconf 83' lang='lat' dir='ltr'><strong>xr</strong></span> 
     </span>
     <span class='ocr_line' id='line_1_2' title="bbox 122 345 1159 439; baseline 0.016 -34"><span class='ocrx_word' id='word_1_6' title='bbox 122 345 254 426; x_wconf 89' lang='lat' dir='ltr'><strong>simulque</strong></span> <span class='ocrx_word' id='word_1_7' title='bbox 268 351 404 430; x_wconf 90' lang='lat' dir='ltr'><strong>collatis,</strong></span> <span class='ocrx_word' id='word_1_8' title='bbox 420 370 517 415; x_wconf 93' lang='lat' dir='ltr'><strong>unum</strong></span> <span class='ocrx_word' id='word_1_9' title='bbox 532 357 765 436; x_wconf 86' lang='lat' dir='ltr'><strong>tantummodo,</strong></span> <span class='ocrx_word' id='word_1_10' title='bbox 777 356 927 437; x_wconf 82' lang='lat' dir='ltr'><strong>quantum</strong></span> <span class='ocrx_word' id='word_1_11' title='bbox 941 353 1047 439; x_wconf 90' lang='lat' dir='ltr'><strong>potui,</strong></span> <span class='ocrx_word' id='word_1_12' title='bbox 1059 362 1109 437; x_wconf 90' lang='lat' dir='ltr'><strong>et,</strong></span> <span class='ocrx_word' id='word_1_13' title='bbox 1124 365 1159 422; x_wconf 88' lang='lat' dir='ltr'><strong>ut</strong></span> 
     </span>
     <span class='ocr_line' id='line_1_3' title="bbox 121 450 1157 543; baseline 0.016 -33"><span class='ocrx_word' id='word_1_14' title='bbox 121 466 189 529; x_wconf 91' lang='lat' dir='ltr'><strong>reor,</strong></span> <span class='ocrx_word' id='word_1_15' title='bbox 215 450 315 532; x_wconf 87' lang='lat' dir='ltr'><strong>magis</strong></span> <span class='ocrx_word' id='word_1_16' title='bbox 337 455 502 521; x_wconf 85' lang='lat' dir='ltr'><strong>litteralem</strong></span> <span class='ocrx_word' id='word_1_17' title='bbox 526 475 653 522; x_wconf 91' lang='lat' dir='ltr'><strong>sensum</strong></span> <span class='ocrx_word' id='word_1_18' title='bbox 673 460 768 540; x_wconf 72' lang='lat' dir='ltr'><strong>elegi,</strong></span> <span class='ocrx_word' id='word_1_19' title='bbox 787 463 889 525; x_wconf 87' lang='lat' dir='ltr'><strong>tacitis</strong></span> <span class='ocrx_word' id='word_1_20' title='bbox 911 464 1050 543; x_wconf 89' lang='lat' dir='ltr'><strong>pluribus</strong></span> <span class='ocrx_word' id='word_1_21' title='bbox 1070 463 1157 543; x_wconf 90' lang='lat' dir='ltr'><strong>aliis,</strong></span> 
     </span>
     <span class='ocr_line' id='line_1_4' title="bbox 120 554 1156 646; baseline 0.017 -31"><span class='ocrx_word' id='word_1_22' title='bbox 120 554 267 621; x_wconf 82' lang='lat' dir='ltr'><strong>autminus</strong></span> <span class='ocrx_word' id='word_1_23' title='bbox 277 561 452 640; x_wconf 86' lang='lat' dir='ltr'><strong>germanis,</strong></span> <span class='ocrx_word' id='word_1_24' title='bbox 468 565 523 624; x_wconf 85' lang='lat' dir='ltr'><strong>aut</strong></span> <span class='ocrx_word' id='word_1_25' title='bbox 535 563 699 628; x_wconf 80' lang='lat' dir='ltr'><strong>manifeste</strong></span> <span class='ocrx_word' id='word_1_26' title='bbox 712 567 752 628; x_wconf 89' lang='lat' dir='ltr'><strong>ab</strong></span> <span class='ocrx_word' id='word_1_27' title='bbox 761 567 901 646; x_wconf 74' lang='lat' dir='ltr'>Apostoli</span> <span class='ocrx_word' id='word_1_28' title='bbox 913 571 1019 631; x_wconf 89' lang='lat' dir='ltr'><strong>mente</strong></span> <span class='ocrx_word' id='word_1_29' title='bbox 1028 569 1135 633; x_wconf 87' lang='lat' dir='ltr'><strong>alienis</strong></span> <span class='ocrx_word' id='word_1_30' title='bbox 1149 592 1156 632; x_wconf 92' lang='lat'>:</span> 
     </span>
     <span class='ocr_line' id='line_1_5' title="bbox 119 664 1157 751; baseline 0.017 -30"><span class='ocrx_word' id='word_1_31' title='bbox 119 676 179 737; x_wconf 87' lang='lat' dir='ltr'><strong>quos</strong></span> <span class='ocrx_word' id='word_1_32' title='bbox 192 664 298 742; x_wconf 85' lang='lat' dir='ltr'><strong>taceo,</strong></span> <span class='ocrx_word' id='word_1_33' title='bbox 313 681 377 727; x_wconf 92' lang='lat' dir='ltr'><strong>non</strong></span> <span class='ocrx_word' id='word_1_34' title='bbox 390 665 462 745; x_wconf 86' lang='lat' dir='ltr'><strong>quia</strong></span> <span class='ocrx_word' id='word_1_35' title='bbox 474 671 659 750; x_wconf 72' lang='lat' dir='ltr'><strong>contemno,</strong></span> <span class='ocrx_word' id='word_1_36' title='bbox 677 672 736 735; x_wconf 89' lang='lat' dir='ltr'><strong>sed</strong></span> <span class='ocrx_word' id='word_1_37' title='bbox 746 673 818 751; x_wconf 91' lang='lat' dir='ltr'><strong>quia</strong></span> <span class='ocrx_word' id='word_1_38' title='bbox 830 671 1014 736; x_wconf 87' lang='lat' dir='ltr'><strong>charitatem</strong></span> <span class='ocrx_word' id='word_1_39' title='bbox 1026 690 1068 737; x_wconf 86' lang='lat' dir='ltr'><strong>ex</strong></span> <span class='ocrx_word' id='word_1_40' title='bbox 1080 674 1157 738; x_wconf 85' lang='lat' dir='ltr'><strong>sim·</strong></span> 
     </span>
     <span class='ocr_line' id='line_1_6' title="bbox 117 763 633 850; baseline 0.021 -24"><span class='ocrx_word' id='word_1_41' title='bbox 117 763 171 841; x_wconf 82' lang='lat' dir='ltr'>plici</span> <span class='ocrx_word' id='word_1_42' title='bbox 181 767 311 832; x_wconf 82' lang='lat' dir='ltr'><strong>veritate</strong></span> <span class='ocrx_word' id='word_1_43' title='bbox 324 773 506 834; x_wconf 88' lang='lat' dir='ltr'><strong>nascentem</strong></span> <span class='ocrx_word' id='word_1_44' title='bbox 515 788 633 850; x_wconf 79' lang='lat' dir='ltr'><strong>quaero.</strong></span> 
     </span>
    </p>

    <p class='ocr_par' dir='ltr' id='par_1_2' title="bbox 113 871 1156 1261">
     <span class='ocr_line' id='line_1_7' title="bbox 144 871 1155 962; baseline 0.013 -29"><span class='ocrx_word' id='word_1_45' title='bbox 144 871 256 951; x_wconf 84' lang='lat' dir='ltr'><strong>scopus</strong></span> <span class='ocrx_word' id='word_1_46' title='bbox 277 875 337 937; x_wconf 87' lang='lat' dir='ltr'><strong>luit</strong></span> <span class='ocrx_word' id='word_1_47' title='bbox 350 874 514 954; x_wconf 79' lang='lat' dir='ltr'><strong>edificari,</strong></span> <span class='ocrx_word' id='word_1_48' title='bbox 528 892 593 940; x_wconf 93' lang='lat' dir='ltr'><strong>non</strong></span> <span class='ocrx_word' id='word_1_49' title='bbox 610 877 773 961; x_wconf 68' lang='lat' dir='ltr'><strong>dissipari,</strong></span> <span class='ocrx_word' id='word_1_50' title='bbox 788 880 913 958; x_wconf 89' lang='lat' dir='ltr'><strong>ardere,</strong></span> <span class='ocrx_word' id='word_1_51' title='bbox 935 898 1000 945; x_wconf 92' lang='lat' dir='ltr'><strong>non</strong></span> <span class='ocrx_word' id='word_1_52' title='bbox 1012 884 1155 962; x_wconf 69' lang='lat' dir='ltr'><strong>torpere,</strong></span> 
     </span>
     <span class='ocr_line' id='line_1_8' title="bbox 116 978 1156 1065; baseline 0.01 -28"><span class='ocrx_word' id='word_1_53' title='bbox 116 990 224 1053; x_wconf 78' lang='lat' dir='ltr'><strong>ammo,</strong></span> <span class='ocrx_word' id='word_1_54' title='bbox 248 995 314 1041; x_wconf 92' lang='lat' dir='ltr'><strong>non</strong></span> <span class='ocrx_word' id='word_1_55' title='bbox 336 978 427 1042; x_wconf 89' lang='lat' dir='ltr'><strong>otiari</strong></span> <span class='ocrx_word' id='word_1_56' title='bbox 445 1003 451 1042; x_wconf 92' lang='lat'>:</span> <span class='ocrx_word' id='word_1_57' title='bbox 467 980 539 1043; x_wconf 90' lang='lat' dir='ltr'><strong>hinc</strong></span> <span class='ocrx_word' id='word_1_58' title='bbox 562 981 681 1062; x_wconf 91' lang='lat' dir='ltr'><strong>otiosa,</strong></span> <span class='ocrx_word' id='word_1_59' title='bbox 705 984 845 1064; x_wconf 89' lang='lat' dir='ltr'><strong>curiosa,</strong></span> <span class='ocrx_word' id='word_1_60' title='bbox 870 984 1072 1065; x_wconf 84' lang='lat' dir='ltr'><strong>dissipantia,</strong></span> <span class='ocrx_word' id='word_1_61' title='bbox 1092 1000 1156 1047; x_wconf 91' lang='lat' dir='ltr'><strong>non</strong></span> 
     </span>
     <span class='ocr_line' id='line_1_9' title="bbox 115 1079 1155 1159; baseline 0.01 -17"><span class='ocrx_word' id='word_1_62' title='bbox 115 1079 300 1159; x_wconf 74' lang='lat' dir='ltr'><strong>minantia,</strong></span> <span class='ocrx_word' id='word_1_63' title='bbox 316 1084 374 1147; x_wconf 91' lang='lat' dir='ltr'><strong>sed</strong></span> <span class='ocrx_word' id='word_1_64' title='bbox 394 1084 434 1147; x_wconf 89' lang='lat' dir='ltr'><strong>ad</strong></span> <span class='ocrx_word' id='word_1_65' title='bbox 447 1103 606 1148; x_wconf 88' lang='lat' dir='ltr'><strong>summum</strong></span> <span class='ocrx_word' id='word_1_66' title='bbox 623 1088 830 1154; x_wconf 90' lang='lat' dir='ltr'><strong>eruditionem</strong></span> <span class='ocrx_word' id='word_1_67' title='bbox 847 1091 1036 1154; x_wconf 84' lang='lat' dir='ltr'><strong>ostentantia</strong></span> <span class='ocrx_word' id='word_1_68' title='bbox 1055 1090 1155 1153; x_wconf 86' lang='lat' dir='ltr'><strong>libens</strong></span> 
     </span>
     <span class='ocr_line' id='line_1_10' title="bbox 113 1186 313 1261; baseline 0.015 -14"><span class='ocrx_word' id='word_1_69' title='bbox 113 1186 313 1261; x_wconf 78' lang='lat' dir='ltr'><strong>praetermitto.</strong></span> 
     </span>
    </p>

    <p class='ocr_par' dir='ltr' id='par_1_3' title="bbox 107 1289 1153 1668">
     <span class='ocr_line' id='line_1_11' title="bbox 139 1289 1152 1374; baseline 0.008 -23"><span class='ocrx_word' id='word_1_70' title='bbox 139 1289 210 1352; x_wconf 91' lang='lat' dir='ltr'><strong>llinc</strong></span> <span class='ocrx_word' id='word_1_71' title='bbox 220 1294 254 1354; x_wconf 91' lang='lat' dir='ltr'><strong>et</strong></span> <span class='ocrx_word' id='word_1_72' title='bbox 266 1292 373 1372; x_wconf 90' lang='lat' dir='ltr'><strong>plures</strong></span> <span class='ocrx_word' id='word_1_73' title='bbox 387 1309 499 1357; x_wconf 92' lang='lat' dir='ltr'><strong>sensus</strong></span> <span class='ocrx_word' id='word_1_74' title='bbox 514 1293 547 1357; x_wconf 93' lang='lat' dir='ltr'><strong>in</strong></span> <span class='ocrx_word' id='word_1_75' title='bbox 564 1294 641 1360; x_wconf 89' lang='lat' dir='ltr'><strong>locis</strong></span> <span class='ocrx_word' id='word_1_76' title='bbox 653 1294 777 1361; x_wconf 76' lang='lat' dir='ltr'><strong>tantum</strong></span> <span class='ocrx_word' id='word_1_77' title='bbox 791 1295 1011 1361; x_wconf 87' lang='lat' dir='ltr'><strong>difficilioribus</strong></span> <span class='ocrx_word' id='word_1_78' title='bbox 1030 1299 1152 1374; x_wconf 81' lang='lat' dir='ltr'><strong>refero,</strong></span> 
     </span>
     <span class='ocr_line' id='line_1_12' title="bbox 112 1393 1152 1483; baseline 0.013 -30"><span class='ocrx_word' id='word_1_79' title='bbox 112 1393 149 1456; x_wconf 89' lang='lat' dir='ltr'><strong>ubi</strong></span> <span class='ocrx_word' id='word_1_80' title='bbox 166 1400 296 1476; x_wconf 91' lang='lat' dir='ltr'><strong>propter</strong></span> <span class='ocrx_word' id='word_1_81' title='bbox 316 1401 424 1462; x_wconf 79' lang='lat' dir='ltr'><strong>textus</strong></span> <span class='ocrx_word' id='word_1_82' title='bbox 443 1399 684 1480; x_wconf 82' lang='lat' dir='ltr'><strong>obscuritatem,</strong></span> <span class='ocrx_word' id='word_1_83' title='bbox 704 1403 933 1483; x_wconf 88' lang='lat' dir='ltr'><strong>lectionumque</strong></span> <span class='ocrx_word' id='word_1_84' title='bbox 951 1403 1152 1478; x_wconf 85' lang='lat' dir='ltr'><strong>varietatem,</strong></span> 
     </span>
     <span class='ocr_line' id='line_1_13' title="bbox 109 1501 1153 1588; baseline 0.009 -28"><span class='ocrx_word' id='word_1_85' title='bbox 109 1514 148 1561; x_wconf 88' lang='lat' dir='ltr'><strong>res</strong></span> <span class='ocrx_word' id='word_1_86' title='bbox 161 1502 210 1562; x_wconf 90' lang='lat' dir='ltr'><strong>est</strong></span> <span class='ocrx_word' id='word_1_87' title='bbox 224 1501 337 1580; x_wconf 86' lang='lat' dir='ltr'><strong>dubia,</strong></span> <span class='ocrx_word' id='word_1_88' title='bbox 352 1519 411 1566; x_wconf 91' lang='lat' dir='ltr'><strong>neo</strong></span> <span class='ocrx_word' id='word_1_89' title='bbox 424 1504 507 1584; x_wconf 91' lang='lat' dir='ltr'><strong>apud</strong></span> <span class='ocrx_word' id='word_1_90' title='bbox 521 1521 626 1569; x_wconf 91' lang='lat' dir='ltr'><strong>sacros</strong></span> <span class='ocrx_word' id='word_1_91' title='bbox 640 1507 827 1588; x_wconf 91' lang='lat' dir='ltr'><strong>interpretes</strong></span> <span class='ocrx_word' id='word_1_92' title='bbox 841 1507 881 1571; x_wconf 90' lang='lat' dir='ltr'><strong>de</strong></span> <span class='ocrx_word' id='word_1_93' title='bbox 893 1522 1041 1588; x_wconf 90' lang='lat' dir='ltr'><strong>germano</strong></span> <span class='ocrx_word' id='word_1_94' title='bbox 1058 1523 1153 1570; x_wconf 92' lang='lat' dir='ltr'><strong>sensu</strong></span> 
     </span>
     <span class='ocr_line' id='line_1_14' title="bbox 107 1603 323 1668; baseline 0.023 -5"><span class='ocrx_word' id='word_1_95' title='bbox 107 1603 169 1668; x_wconf 87' lang='lat' dir='ltr'><strong>satis</strong></span> <span class='ocrx_word' id='word_1_96' title='bbox 184 1609 323 1668; x_wconf 87' lang='lat' dir='ltr'><strong>constat.</strong></span> 
     </span>
    </p>

    <p class='ocr_par' dir='ltr' id='par_1_4' title="bbox 94 1707 1180 2925">
     <span class='ocr_line' id='line_1_15' title="bbox 134 1707 1152 1796; baseline 0.007 -26"><span class='ocrx_word' id='word_1_97' title='bbox 134 1707 249 1787; x_wconf 80' lang='lat' dir='ltr'><strong>Porro,</strong></span> <span class='ocrx_word' id='word_1_98' title='bbox 275 1728 404 1775; x_wconf 91' lang='lat' dir='ltr'><strong>sensum</strong></span> <span class='ocrx_word' id='word_1_99' title='bbox 416 1730 511 1793; x_wconf 84' lang='lat' dir='ltr'><strong>quem</strong></span> <span class='ocrx_word' id='word_1_100' title='bbox 525 1715 627 1778; x_wconf 87' lang='lat' dir='ltr'><strong>textui</strong></span> <span class='ocrx_word' id='word_1_101' title='bbox 645 1719 722 1796; x_wconf 92' lang='lat' dir='ltr'><strong>puto</strong></span> <span class='ocrx_word' id='word_1_102' title='bbox 734 1717 993 1796; x_wconf 68' lang='lat' dir='ltr'><strong>conformarem,</strong></span> <span class='ocrx_word' id='word_1_103' title='bbox 1013 1717 1058 1780; x_wconf 91' lang='lat' dir='ltr'><strong>sic</strong></span> <span class='ocrx_word' id='word_1_104' title='bbox 1070 1716 1152 1795; x_wconf 83' lang='lat' dir='ltr'><strong>eligo</strong></span> 
     </span>
     <span class='ocr_line' id='line_1_16' title="bbox 103 1817 1150 1899; baseline 0.008 -25"><span class='ocrx_word' id='word_1_105' title='bbox 103 1817 128 1876; x_wconf 91' lang='lat' dir='ltr'><strong>ut</strong></span> <span class='ocrx_word' id='word_1_106' title='bbox 148 1831 229 1879; x_wconf 84' lang='lat' dir='ltr'><strong>meae</strong></span> <span class='ocrx_word' id='word_1_107' title='bbox 251 1817 413 1881; x_wconf 88' lang='lat' dir='ltr'><strong>tenuitatis</strong></span> <span class='ocrx_word' id='word_1_108' title='bbox 432 1836 556 1898; x_wconf 88' lang='lat' dir='ltr'><strong>semper</strong></span> <span class='ocrx_word' id='word_1_109' title='bbox 576 1838 713 1899; x_wconf 85' lang='lat' dir='ltr'><strong>memor,</strong></span> <span class='ocrx_word' id='word_1_110' title='bbox 733 1823 809 1885; x_wconf 92' lang='lat' dir='ltr'><strong>nihil</strong></span> <span class='ocrx_word' id='word_1_111' title='bbox 829 1821 980 1884; x_wconf 87' lang='lat' dir='ltr'><strong>affirmem</strong></span> <span class='ocrx_word' id='word_1_112' title='bbox 1000 1837 1150 1894; x_wconf 86' lang='lat' dir='ltr'><strong>securus,</strong></span> 
     </span>
     <span class='ocr_line' id='line_1_17' title="bbox 101 1919 1152 2005; baseline 0.003 -23"><span class='ocrx_word' id='word_1_113' title='bbox 101 1919 152 1983; x_wconf 91' lang='lat' dir='ltr'><strong>nisi</strong></span> <span class='ocrx_word' id='word_1_114' title='bbox 165 1920 255 2000; x_wconf 88' lang='lat' dir='ltr'><strong>quod</strong></span> <span class='ocrx_word' id='word_1_115' title='bbox 268 1921 403 1984; x_wconf 85' lang='lat' dir='ltr'><strong>Ecclesia</strong></span> <span class='ocrx_word' id='word_1_116' title='bbox 416 1924 568 1986; x_wconf 88' lang='lat' dir='ltr'><strong>catholica</strong></span> <span class='ocrx_word' id='word_1_117' title='bbox 579 1925 686 2005; x_wconf 71' lang='lat' dir='ltr'><strong>docet,</strong></span> <span class='ocrx_word' id='word_1_118' title='bbox 701 1926 778 1988; x_wconf 89' lang='lat' dir='ltr'><strong>nihil</strong></span> <span class='ocrx_word' id='word_1_119' title='bbox 790 1925 822 1987; x_wconf 92' lang='lat' dir='ltr'><strong>in</strong></span> <span class='ocrx_word' id='word_1_120' title='bbox 835 1925 902 1988; x_wconf 90' lang='lat' dir='ltr'><strong>aliis</strong></span> <span class='ocrx_word' id='word_1_121' title='bbox 917 1924 1064 1987; x_wconf 89' lang='lat' dir='ltr'><strong>damnem</strong></span> <span class='ocrx_word' id='word_1_122' title='bbox 1081 1941 1152 1986; x_wconf 92' lang='lat' dir='ltr'><strong>aus-</strong></span> 
     </span>
     <span class='ocr_line' id='line_1_18' title="bbox 99 2025 1153 2108; baseline -0.001 -20"><span class='ocrx_word' id='word_1_123' title='bbox 99 2029 199 2101; x_wconf 85' lang='lat' dir='ltr'><strong>terus,</strong></span> <span class='ocrx_word' id='word_1_124' title='bbox 224 2025 287 2088; x_wconf 92' lang='lat' dir='ltr'><strong>nisi</strong></span> <span class='ocrx_word' id='word_1_125' title='bbox 300 2027 384 2105; x_wconf 87' lang='lat' dir='ltr'><strong>quod</strong></span> <span class='ocrx_word' id='word_1_126' title='bbox 402 2027 514 2091; x_wconf 90' lang='lat' dir='ltr'><strong>eadem</strong></span> <span class='ocrx_word' id='word_1_127' title='bbox 526 2028 662 2092; x_wconf 88' lang='lat' dir='ltr'><strong>Ecclesia</strong></span> <span class='ocrx_word' id='word_1_128' title='bbox 675 2029 800 2091; x_wconf 89' lang='lat' dir='ltr'><strong>damnat</strong></span> <span class='ocrx_word' id='word_1_129' title='bbox 812 2053 821 2108; x_wconf 81' lang='lat'><em>3</em></span> <span class='ocrx_word' id='word_1_130' title='bbox 835 2029 903 2108; x_wconf 94' lang='lat' dir='ltr'><strong>ipsa</strong></span> <span class='ocrx_word' id='word_1_131' title='bbox 915 2029 998 2091; x_wconf 91' lang='lat' dir='ltr'><strong>enim</strong></span> <span class='ocrx_word' id='word_1_132' title='bbox 1013 2027 1089 2089; x_wconf 86' lang='lat' dir='ltr'><strong>milri</strong></span> <span class='ocrx_word' id='word_1_133' title='bbox 1103 2048 1153 2088; x_wconf 84' lang='lat' dir='ltr'><strong>oe-</strong></span> 
     </span>
     <span class='ocr_line' id='line_1_19' title="bbox 97 2125 1153 2210; baseline 0 -19"><span class='ocrx_word' id='word_1_134' title='bbox 97 2133 195 2194; x_wconf 80' lang='lat' dir='ltr'><strong>ritatis</strong></span> <span class='ocrx_word' id='word_1_135' title='bbox 220 2125 281 2195; x_wconf 74' lang='lat' dir='ltr'><strong>est&#39;</strong></span> <span class='ocrx_word' id='word_1_136' title='bbox 293 2133 448 2206; x_wconf 82' lang='lat' dir='ltr'><strong>columna,</strong></span> <span class='ocrx_word' id='word_1_137' title='bbox 463 2134 513 2195; x_wconf 92' lang='lat' dir='ltr'><strong>eui</strong></span> <span class='ocrx_word' id='word_1_138' title='bbox 533 2133 642 2196; x_wconf 88' lang='lat' dir='ltr'><strong>firmus</strong></span> <span class='ocrx_word' id='word_1_139' title='bbox 655 2136 689 2196; x_wconf 85' lang='lat' dir='ltr'><strong>et</strong></span> <span class='ocrx_word' id='word_1_140' title='bbox 707 2133 911 2195; x_wconf 90' lang='lat' dir='ltr'><strong>inconcussus</strong></span> <span class='ocrx_word' id='word_1_141' title='bbox 929 2131 1064 2210; x_wconf 74' lang='lat' dir='ltr'><strong>innitor,</strong></span> <span class='ocrx_word' id='word_1_142' title='bbox 1086 2130 1153 2208; x_wconf 87' lang='lat' dir='ltr'><strong>ipsa</strong></span> 
     </span>
     <span class='ocr_line' id='line_1_20' title="bbox 96 2233 1152 2316; baseline -0.005 -17"><span class='ocrx_word' id='word_1_143' title='bbox 96 2236 166 2299; x_wconf 90' lang='lat' dir='ltr'><strong>nihi</strong></span> <span class='ocrx_word' id='word_1_144' title='bbox 179 2237 409 2316; x_wconf 75' lang='lat' dir='ltr'><strong>firmamentum</strong></span> <span class='ocrx_word' id='word_1_145' title='bbox 419 2238 574 2311; x_wconf 81' lang='lat' dir='ltr'><strong>veritatis,</strong></span> <span class='ocrx_word' id='word_1_146' title='bbox 586 2237 635 2299; x_wconf 93' lang='lat' dir='ltr'><strong>cui</strong></span> <span class='ocrx_word' id='word_1_147' title='bbox 647 2240 795 2300; x_wconf 87' lang='lat' dir='ltr'><strong>constans</strong></span> <span class='ocrx_word' id='word_1_148' title='bbox 805 2237 942 2299; x_wconf 87' lang='lat' dir='ltr'><strong>inhaereo</strong></span> <span class='ocrx_word' id='word_1_149' title='bbox 956 2237 988 2298; x_wconf 90' lang='lat' dir='ltr'><strong>et</strong></span> <span class='ocrx_word' id='word_1_150' title='bbox 1000 2250 1100 2313; x_wconf 88' lang='lat' dir='ltr'><strong>usque</strong></span> <span class='ocrx_word' id='word_1_151' title='bbox 1113 2233 1152 2294; x_wconf 88' lang='lat' dir='ltr'><strong>ad</strong></span> 
     </span>
     <span class='ocr_line' id='line_1_21' title="bbox 96 2339 1152 2419; baseline -0.001 -19"><span class='ocrx_word' id='word_1_152' title='bbox 96 2340 241 2402; x_wconf 90' lang='lat' dir='ltr'><strong>ultimum</strong></span> <span class='ocrx_word' id='word_1_153' title='bbox 257 2339 330 2402; x_wconf 86' lang='lat' dir='ltr'><strong>vitae</strong></span> <span class='ocrx_word' id='word_1_154' title='bbox 342 2356 420 2402; x_wconf 83' lang='lat' dir='ltr'><strong>meae</strong></span> <span class='ocrx_word' id='word_1_155' title='bbox 434 2344 629 2406; x_wconf 82' lang='lat' dir='ltr'><strong>momentum</strong></span> <span class='ocrx_word' id='word_1_156' title='bbox 638 2340 797 2402; x_wconf 83' lang='lat' dir='ltr'><strong>inhaerebo</strong></span> <span class='ocrx_word' id='word_1_157' title='bbox 814 2363 821 2402; x_wconf 90' lang='lat'>:</span> <span class='ocrx_word' id='word_1_158' title='bbox 836 2341 902 2419; x_wconf 89' lang='lat' dir='ltr'><strong>ipsa</strong></span> <span class='ocrx_word' id='word_1_159' title='bbox 915 2341 982 2402; x_wconf 91' lang='lat' dir='ltr'><strong>sola</strong></span> <span class='ocrx_word' id='word_1_160' title='bbox 995 2339 1071 2401; x_wconf 87' lang='lat' dir='ltr'><strong>milri</strong></span> <span class='ocrx_word' id='word_1_161' title='bbox 1081 2355 1152 2402; x_wconf 92' lang='lat' dir='ltr'><strong>ver-</strong></span> 
     </span>
     <span class='ocr_line' id='line_1_22' title="bbox 95 2443 1180 2524; baseline -0.001 -18"><span class='ocrx_word' id='word_1_162' title='bbox 95 2444 205 2506; x_wconf 86' lang='lat' dir='ltr'><strong>borum</strong></span> <span class='ocrx_word' id='word_1_163' title='bbox 225 2443 280 2506; x_wconf 89' lang='lat' dir='ltr'><strong>Dei</strong></span> <span class='ocrx_word' id='word_1_164' title='bbox 297 2443 450 2524; x_wconf 86' lang='lat' dir='ltr'><strong>interpres</strong></span> <span class='ocrx_word' id='word_1_165' title='bbox 469 2447 519 2507; x_wconf 87' lang='lat' dir='ltr'><strong>est</strong></span> <span class='ocrx_word' id='word_1_166' title='bbox 539 2444 777 2524; x_wconf 80' lang='lat' dir='ltr'><strong>irrefragabilis,</strong></span> <span class='ocrx_word' id='word_1_167' title='bbox 798 2445 887 2523; x_wconf 76' lang='lat' dir='ltr'><strong>euius</strong></span> <span class='ocrx_word' id='word_1_168' title='bbox 904 2444 1020 2523; x_wconf 75' lang='lat' dir='ltr'><strong>iudicia</strong></span> <span class='ocrx_word' id='word_1_169' title='bbox 1032 2445 1064 2506; x_wconf 93' lang='lat' dir='ltr'><strong>in</strong></span> <span class='ocrx_word' id='word_1_170' title='bbox 1082 2460 1152 2506; x_wconf 90' lang='lat' dir='ltr'><strong>orn·</strong></span> <span class='ocrx_word' id='word_1_171' title='bbox 1175 2508 1180 2521; x_wconf 69' lang='grc'><strong>,</strong></span> 
     </span>
     <span class='ocr_line' id='line_1_23' title="bbox 94 2545 1152 2628; baseline 0 -19"><span class='ocrx_word' id='word_1_172' title='bbox 94 2548 184 2611; x_wconf 91' lang='lat' dir='ltr'><strong>nibus</strong></span> <span class='ocrx_word' id='word_1_173' title='bbox 204 2547 295 2627; x_wconf 89' lang='lat' dir='ltr'><strong>sequi</strong></span> <span class='ocrx_word' id='word_1_174' title='bbox 309 2547 458 2628; x_wconf 86' lang='lat' dir='ltr'><strong>profiteor</strong></span> <span class='ocrx_word' id='word_1_175' title='bbox 474 2547 611 2626; x_wconf 90' lang='lat' dir='ltr'><strong>:siquid</strong></span> <span class='ocrx_word' id='word_1_176' title='bbox 630 2564 706 2628; x_wconf 92' lang='lat' dir='ltr'><strong>ergo</strong></span> <span class='ocrx_word' id='word_1_177' title='bbox 723 2551 836 2628; x_wconf 85' lang='lat' dir='ltr'><strong>praeter</strong></span> <span class='ocrx_word' id='word_1_178' title='bbox 851 2551 1006 2626; x_wconf 90' lang='lat' dir='ltr'><strong>mentem,</strong></span> <span class='ocrx_word' id='word_1_179' title='bbox 1022 2547 1055 2609; x_wconf 95' lang='lat' dir='ltr'><strong>in</strong></span> <span class='ocrx_word' id='word_1_180' title='bbox 1067 2546 1116 2609; x_wconf 91' lang='lat' dir='ltr'><strong>his</strong></span> <span class='ocrx_word' id='word_1_181' title='bbox 1134 2545 1152 2609; x_wconf 79' lang='lat' dir='ltr'><strong>l</strong></span> 
     </span>
     <span class='ocr_line' id='line_1_24' title="bbox 95 2651 1152 2733; baseline -0.002 -19"><span class='ocrx_word' id='word_1_182' title='bbox 95 2669 141 2715; x_wconf 92' lang='lat' dir='ltr'><strong>me</strong></span> <span class='ocrx_word' id='word_1_183' title='bbox 159 2652 309 2733; x_wconf 87' lang='lat' dir='ltr'><strong>scriptis,</strong></span> <span class='ocrx_word' id='word_1_184' title='bbox 325 2651 416 2716; x_wconf 81' lang='lat' dir='ltr'><strong>secus</strong></span> <span class='ocrx_word' id='word_1_185' title='bbox 437 2653 567 2732; x_wconf 73' lang='lat' dir='ltr'><strong>accidit,</strong></span> <span class='ocrx_word' id='word_1_186' title='bbox 582 2652 643 2715; x_wconf 91' lang='lat' dir='ltr'><strong>hoc</strong></span> <span class='ocrx_word' id='word_1_187' title='bbox 660 2669 720 2731; x_wconf 91' lang='lat' dir='ltr'><strong>ego</strong></span> <span class='ocrx_word' id='word_1_188' title='bbox 738 2652 805 2733; x_wconf 92' lang='lat' dir='ltr'><strong>ipse</strong></span> <span class='ocrx_word' id='word_1_189' title='bbox 822 2652 997 2715; x_wconf 87' lang='lat' dir='ltr'><strong>condemno</strong></span> <span class='ocrx_word' id='word_1_190' title='bbox 1015 2655 1048 2714; x_wconf 88' lang='lat' dir='ltr'><strong>et</strong></span> <span class='ocrx_word' id='word_1_191' title='bbox 1064 2652 1152 2714; x_wconf 89' lang='lat' dir='ltr'><strong>dam·</strong></span> 
     </span>
     <span class='ocr_line' id='line_1_25' title="bbox 95 2757 1152 2838; baseline 0.001 -21"><span class='ocrx_word' id='word_1_192' title='bbox 95 2760 203 2819; x_wconf 89' lang='lat' dir='ltr'><strong>natum</strong></span> <span class='ocrx_word' id='word_1_193' title='bbox 225 2774 297 2820; x_wconf 91' lang='lat' dir='ltr'><strong>esse</strong></span> <span class='ocrx_word' id='word_1_194' title='bbox 318 2759 409 2837; x_wconf 69' lang='lat' dir='ltr'><strong>volo,</strong></span> <span class='ocrx_word' id='word_1_195' title='bbox 427 2757 504 2820; x_wconf 89' lang='lat' dir='ltr'><strong>mihi</strong></span> <span class='ocrx_word' id='word_1_196' title='bbox 517 2757 600 2819; x_wconf 91' lang='lat' dir='ltr'><strong>enirn</strong></span> <span class='ocrx_word' id='word_1_197' title='bbox 613 2772 729 2821; x_wconf 88' lang='lat' dir='ltr'><strong>nomen</strong></span> <span class='ocrx_word' id='word_1_198' title='bbox 746 2757 953 2836; x_wconf 88' lang='lat' dir='ltr'><strong>christianus,</strong></span> <span class='ocrx_word' id='word_1_199' title='bbox 976 2774 1152 2838; x_wconf 87' lang='lat' dir='ltr'><strong>cognomen</strong></span> 
     </span>
     <span class='ocr_line' id='line_1_26' title="bbox 96 2862 279 2925; baseline 0.016 -4"><span class='ocrx_word' id='word_1_200' title='bbox 96 2862 279 2925; x_wconf 90' lang='lat' dir='ltr'><strong>catholicus.</strong></span> 
     </span>
    </p>

    <p class='ocr_par' dir='ltr' id='par_1_5' title="bbox 94 2965 1149 3374">
     <span class='ocr_line' id='line_1_27' title="bbox 129 2965 1149 3045; baseline -0.004 -15"><span class='ocrx_word' id='word_1_201' title='bbox 129 2972 175 3032; x_wconf 88' lang='lat' dir='ltr'><strong>Ne</strong></span> <span class='ocrx_word' id='word_1_202' title='bbox 195 2966 280 3030; x_wconf 90' lang='lat' dir='ltr'><strong>circa</strong></span> <span class='ocrx_word' id='word_1_203' title='bbox 298 2969 476 3029; x_wconf 90' lang='lat' dir='ltr'><strong>sanctorum</strong></span> <span class='ocrx_word' id='word_1_204' title='bbox 490 2966 695 3045; x_wconf 87' lang='lat' dir='ltr'><strong>interpretum</strong></span> <span class='ocrx_word' id='word_1_205' title='bbox 712 2965 875 3029; x_wconf 89' lang='lat' dir='ltr'><strong>citationes</strong></span> <span class='ocrx_word' id='word_1_206' title='bbox 889 2965 1026 3045; x_wconf 84' lang='lat' dir='ltr'><strong>haereas,</strong></span> <span class='ocrx_word' id='word_1_207' title='bbox 1040 2969 1149 3028; x_wconf 87' lang='lat' dir='ltr'><strong>Lector</strong></span> 
     </span>
     <span class='ocr_line' id='line_1_28' title="bbox 94 3069 1145 3149; baseline -0.005 -12"><span class='ocrx_word' id='word_1_208' title='bbox 94 3073 266 3149; x_wconf 86' lang='lat' dir='ltr'><strong>benevole,</strong></span> <span class='ocrx_word' id='word_1_209' title='bbox 281 3086 396 3134; x_wconf 88' lang='lat' dir='ltr'><strong>moneo</strong></span> <span class='ocrx_word' id='word_1_210' title='bbox 410 3087 463 3134; x_wconf 89' lang='lat' dir='ltr'><strong>eas</strong></span> <span class='ocrx_word' id='word_1_211' title='bbox 476 3070 508 3132; x_wconf 92' lang='lat' dir='ltr'><strong>in</strong></span> <span class='ocrx_word' id='word_1_212' title='bbox 522 3087 629 3132; x_wconf 92' lang='lat' dir='ltr'><strong>eorum</strong></span> <span class='ocrx_word' id='word_1_213' title='bbox 641 3069 871 3132; x_wconf 88' lang='lat' dir='ltr'><strong>commentariis</strong></span> <span class='ocrx_word' id='word_1_214' title='bbox 885 3087 955 3133; x_wconf 91' lang='lat' dir='ltr'><strong>esse</strong></span> <span class='ocrx_word' id='word_1_215' title='bbox 969 3069 1145 3148; x_wconf 82' lang='lat' dir='ltr'><strong>quaerendas</strong></span> 
     </span>
     <span class='ocr_line' id='line_1_29' title="bbox 94 3174 1141 3256; baseline -0.004 -16"><span class='ocrx_word' id='word_1_216' title='bbox 94 3179 122 3242; x_wconf 91' lang='lat' dir='ltr'><strong>in</strong></span> <span class='ocrx_word' id='word_1_217' title='bbox 135 3178 216 3242; x_wconf 88' lang='lat' dir='ltr'><strong>locis</strong></span> <span class='ocrx_word' id='word_1_218' title='bbox 230 3177 271 3240; x_wconf 90' lang='lat' dir='ltr'><strong>de</strong></span> <span class='ocrx_word' id='word_1_219' title='bbox 284 3175 397 3256; x_wconf 88' lang='lat' dir='ltr'><strong>quibus</strong></span> <span class='ocrx_word' id='word_1_220' title='bbox 408 3175 519 3254; x_wconf 89' lang='lat' dir='ltr'><strong>agitur.</strong></span> <span class='ocrx_word' id='word_1_221' title='bbox 533 3179 639 3253; x_wconf 88' lang='lat' dir='ltr'><strong>ltaque</strong></span> <span class='ocrx_word' id='word_1_222' title='bbox 655 3176 686 3237; x_wconf 91' lang='lat' dir='ltr'><strong>in</strong></span> <span class='ocrx_word' id='word_1_223' title='bbox 697 3174 841 3237; x_wconf 88' lang='lat' dir='ltr'><strong>omnibus</strong></span> <span class='ocrx_word' id='word_1_224' title='bbox 855 3175 1059 3254; x_wconf 89' lang='lat' dir='ltr'><strong>interpretum</strong></span> <span class='ocrx_word' id='word_1_225' title='bbox 1073 3174 1141 3236; x_wconf 89' lang='lat' dir='ltr'><strong>cita·</strong></span> 
     </span>
     <span class='ocr_line' id='line_1_30' title="bbox 94 3279 862 3374; baseline -0.007 -29"><span class='ocrx_word' id='word_1_226' title='bbox 94 3283 231 3347; x_wconf 91' lang='lat' dir='ltr'><strong>tionibus</strong></span> <span class='ocrx_word' id='word_1_227' title='bbox 245 3279 543 3360; x_wconf 91' lang='lat' dir='ltr'><strong>subintelligendum</strong></span> <span class='ocrx_word' id='word_1_228' title='bbox 552 3284 619 3359; x_wconf 89' lang='lat' dir='ltr'><strong>est,</strong></span> <span class='ocrx_word' id='word_1_229' title='bbox 634 3282 694 3342; x_wconf 80' lang='lat' dir='ltr'><strong>hie.</strong></span> <span class='ocrx_word' id='word_1_230' title='bbox 858 3362 862 3374; x_wconf 92' lang='lat'>.</span> 
     </span>
    </p>

    <p class='ocr_par' dir='ltr' id='par_1_6' title="bbox 93 3382 1148 3574">
     <span class='ocr_line' id='line_1_31' title="bbox 129 3382 1148 3464; baseline -0.009 -11"><span class='ocrx_word' id='word_1_231' title='bbox 129 3393 163 3453; x_wconf 84' lang='lat' dir='ltr'><strong>l).</strong></span> <span class='ocrx_word' id='word_1_232' title='bbox 187 3390 299 3452; x_wconf 88' lang='lat' dir='ltr'><strong>autem</strong></span> <span class='ocrx_word' id='word_1_233' title='bbox 323 3385 586 3464; x_wconf 78' lang='lat' dir='ltr'><strong>chrysostomus,</strong></span> <span class='ocrx_word' id='word_1_234' title='bbox 609 3385 698 3463; x_wconf 87' lang='lat' dir='ltr'><strong>eujus</strong></span> <span class='ocrx_word' id='word_1_235' title='bbox 722 3382 886 3462; x_wconf 83' lang='lat' dir='ltr'><strong>aliquando</strong></span> <span class='ocrx_word' id='word_1_236' title='bbox 908 3382 1036 3464; x_wconf 83' lang='lat' dir='ltr'><strong>paginas</strong></span> <span class='ocrx_word' id='word_1_237' title='bbox 1056 3387 1148 3459; x_wconf 92' lang='lat' dir='ltr'><strong>noto,</strong></span> 
     </span>
     <span class='ocr_line' id='line_1_32' title="bbox 93 3487 1148 3574; baseline -0.009 -18"><span class='ocrx_word' id='word_1_238' title='bbox 93 3493 280 3574; x_wconf 75' lang='lat' dir='ltr'><strong>quaerendus</strong></span> <span class='ocrx_word' id='word_1_239' title='bbox 302 3492 352 3552; x_wconf 88' lang='lat' dir='ltr'><strong>est</strong></span> <span class='ocrx_word' id='word_1_240' title='bbox 370 3489 403 3554; x_wconf 91' lang='lat' dir='ltr'><strong>in</strong></span> <span class='ocrx_word' id='word_1_241' title='bbox 420 3488 555 3551; x_wconf 88' lang='lat' dir='ltr'><strong>editione</strong></span> <span class='ocrx_word' id='word_1_242' title='bbox 574 3488 800 3568; x_wconf 81' lang='lat' dir='ltr'><strong>graecolatina,</strong></span> <span class='ocrx_word' id='word_1_243' title='bbox 822 3489 904 3551; x_wconf 87' lang='lat' dir='ltr'><strong>lacta</strong></span> <span class='ocrx_word' id='word_1_244' title='bbox 925 3487 1047 3556; x_wconf 87' lang='lat' dir='ltr'><strong>Parisiis</strong></span> <span class='ocrx_word' id='word_1_245' title='bbox 1068 3487 1148 3566; x_wconf 86' lang='lat' dir='ltr'><strong>apud</strong></span> 
     </span>
    </p>
   </div>
   <div class='ocr_carea' id='block_1_2' title="bbox 96 3591 606 3673">
    <p class='ocr_par' dir='ltr' id='par_1_7' title="bbox 96 3591 606 3673">
     <span class='ocr_line' id='line_1_33' title="bbox 96 3591 606 3673; baseline -0.012 -11"><span class='ocrx_word' id='word_1_246' title='bbox 96 3597 314 3664; x_wconf 86' lang='lat' dir='ltr'><strong>Sebastianum</strong></span> <span class='ocrx_word' id='word_1_247' title='bbox 328 3591 504 3673; x_wconf 78' lang='lat' dir='ltr'><strong>cramoisy,</strong></span> <span class='ocrx_word' id='word_1_248' title='bbox 518 3595 606 3657; x_wconf 86' lang='grc'><strong>1636.</strong></span> 
     </span>
    </p>
   </div>
   <div class='ocr_carea' id='block_1_3' title="bbox 0 0 1264 4440">
    <p class='ocr_par' dir='ltr' id='par_1_8' title="bbox 0 0 1264 4440">
     <span class='ocr_line' id='line_1_34' title="bbox 0 0 1264 4440; baseline 0 6"><span class='ocrx_word' id='word_1_249' title='bbox 0 0 1264 4440; x_wconf 95' lang='lat' dir='ltr'><strong> </strong></span> 
     </span>
    </p>
   </div>
  </div>
 </body>
</html>
