2520 4440
324 224 499 278 TRIPLEX
516 226 740 285 Exiosivio.
761 233 912 286 cmviii.
1113 242 1147 295 ii

112 321 143 371 d.
157 317 190 371 Ei
210 321 304 372 autem
316 333 366 385 qur
384 326 524 386 operatur,
579 323 722 386 Juxtaque
735 327 811 376 verba
830 329 866 377 sic
877 328 1017 378 ratiocincr
1031 347 1037 379 ι
1049 328 1147 380 bomini

78 409 190 450 merces
200 410 258 449 non
269 397 421 463 imputatur
429 412 527 451 secun.
549 393 592 452 qui
606 404 669 456 opus
680 399 793 456 exercet,
804 408 900 446 merces
916 398 1079 461 rependitur,
1095 412 1148 450 non

78 472 146 525 dum
159 473 296 540 gratiam,
309 474 358 528 sed
371 473 524 527 secundnm
548 462 641 524 gratis,
653 464 697 514 sed
708 477 738 514 ex
748 466 862 527 insiliit,
877 471 902 517 et
919 472 1040 531 tanquam
1051 470 1113 533 quid
1124 473 1147 520 ei

78 551 218 604 debitum.
548 533 670 581 debitum.

109 634 137 684 5.
145 631 178 683 Ei
188 631 255 684 verb
263 631 311 697 qui
320 644 375 683 non
382 638 523 697 operatur,
578 632 597 680 ii
615 633 702 682 contri
715 632 951 695 verobonici‚qai
965 634 1065 685 nuliam
1075 647 1146 686 encr-

78 709 205 762 credenti
225 714 319 762 autem
343 709 372 762 in
394 724 457 763 eum
473 713 523 777 qui
547 707 588 751 cet
604 716 683 765 opus,
704 704 748 752 sed
764 706 808 765 qui
824 705 926 753 tantum
945 704 1025 754 credit
1040 707 1068 755 la
1088 719 1145 756 eum

78 788 210 853 justificat
226 788 362 855 impium,
380 797 524 858 reputatur
546 774 591 834 qui
614 777 758 836 peccatores
777 773 918 835 iustificat5
936 773 1015 835 huic,
1031 776 1145 836 inquam,

78 984 137 1034 milri
158 983 255 1044 fldem,
275 987 350 1035 utin
371 986 420 1036 ilde
437 990 462 1035 et
483 999 513 1036 ex
530 980 580 1036 ilde
592 990 694 1048 vivens,
714 989 740 1036 in
759 987 859 1047 sustitit
881 986 1002 1036 continue
1020 999 1145 1038 arescam.

101 1053 141 1102 Sit
154 1053 223 1102 mihi
235 1053 299 1103 ares
309 1056 367 1104 viva
378 1091 385 1116 ,
398 1067 519 1118 operans,
532 1059 561 1104 ut
576 1057 608 1104 sit
619 1056 683 1106 mihi
694 1058 793 1117 justitia
807 1058 833 1105 ln
847 1057 945 1105 maritis
956 1055 1098 1106 abundans.

102 1151 126 1198 l.
138 1151 173 1199 ut
187 1155 274 1200 cotem
286 1151 331 1213 qui
340 1157 468 1215 operatur.
478 1150 515 1201 Ex
524 1165 554 1201 eo
563 1151 629 1214 qubd
641 1153 770 1215 Scriptura
783 1154 845 1203 dicit
855 1167 862 1201 ε
873 1155 996 1214 Credidit,
1008 1162 1031 1206 et
1041 1162 1142 1218 reputo·

78 1225 127 1266 tom
137 1222 183 1276 est,
196 1221 246 1268 etc.
257 1237 263 1267 ε
277 1219 354 1269 iniert
360 1219 504 1283 Apostolus,
512 1233 564 1270 non
575 1220 731 1284 exoperibus
742 1220 868 1271 Abraham
879 1221 955 1271 luisse
966 1223 1142 1284 iustificatum,

78 1287 289 1405 ’ewrarsrliffinest
298 1356 434 1407 discrimen
445 1360 511 1407 inter
525 1371 600 1421 apere
616 1361 642 1407 et
653 1357 743 1418 iidem,
753 1357 819 1419 quea
833 1361 902 1420 operi
913 1358 1017 1408 debetur
1029 1371 1142 1420 meroes;

78 1423 138 1484 ruod
149 1429 238 1474 autern
250 1424 310 1475 fidei
326 1425 416 1486 datur,
424 1430 502 1488 gratis
511 1427 595 1477 datur.
607 1428 694 1489 ltaque
708 1440 796 1477 sensus
808 1431 845 1477 est
858 1447 864 1477 ι
877 1427 906 1476 El
916 1465 922 1487 ‚
931 1430 975 1489 qui
989 1440 1051 1492 opas
1064 1431 1142 1478 meri·

78 1495 168 1543 lorium
179 1498 298 1555 exercet,
309 1507 408 1546 merces
416 1509 470 1546 non
481 1498 558 1558 gratis
568 1496 731 1559 rependitur,
745 1495 789 1547 sed
802 1498 951 1557 exjustitia.

101 1591 125 1638 5.
138 1589 173 1638 Ei
184 1589 247 1640 amb
261 1591 306 1653 qui
324 1605 375 1640 noo
393 1598 514 1654 waratus
517 1626 595 1643 ........
609 1594 716 1643 credenti
726 1598 819 1642 cotem.
833 1593 860 1642 ld
872 1596 923 1654 est,
932 1593 974 1642 sed
984 1595 1027 1654 qul
1040 1593 1140 1644 mutum

78 1658 152 1708 tradit
168 1661 199 1708 ln
211 1671 272 1709 eum
282 1697 289 1720 ,
299 1662 344 1721 qui
357 1661 479 1720 justificat
491 1665 634 1724 peccatores
653 1680 660 1710 z
673 1668 808 1724 reputator
818 1663 880 1724 fides
882 1697 930 1712 .....
942 1662 1017 1712 datur
1028 1665 1139 1723 justitia,

78 1740 122 1777 nou
129 1731 206 1790 quasi
218 1743 316 1780 meroes
327 1730 410 1780 debita
417 1731 474 1792 ;sed
481 1732 557 1793 gratis
568 1736 592 1780 et
601 1745 631 1780 ex
642 1731 694 1781 solo
708 1735 847 1794 reputantis
858 1736 938 1793 nutu;
951 1743 993 1781 seu
1005 1732 1140 1781 secundum

78 1799 234 1860 propositum
250 1800 340 1861 gratita
352 1799 423 1861 ejos3
442 1799 468 1848 id
482 1803 532 1858 est,
546 1811 576 1847 ex
595 1804 704 1860 gratuito
721 1800 765 1848 liei
778 1802 919 1862 proposito;
933 1802 992 1861 quia
1003 1800 1099 1862 placuit
1115 1802 1138 1848 ol

78 1865 137 1916 bauo
149 1865 228 1916 iidem
239 1871 371 1929 acceptare
382 1871 407 1917 et
414 1870 531 1930 reputare
544 1866 576 1915 ad
586 1870 721 1930 justitiam,
727 1872 783 1919 tum
792 1870 900 1931 primam
909 1904 916 1929 ,
926 1873 982 1917 tum
991 1869 1138 1918 secundam.

100 1935 158 1986 llaec
173 1933 252 1986 verba
266 1936 402 1986 secondtim
421 1937 609 2001 propositum...
621 1950 672 1986 non
686 1941 746 1985 sunt
760 1939 787 1986 in
800 1937 887 1986 Graeoo
897 1974 904 1997 ,
916 1950 963 1987 nec
980 1939 1007 1987 in
1019 1937 1137 2000 Syriaco,

78 2014 117 2057 ita
127 2007 156 2056 iu
168 2005 228 2056 aliis
244 2007 411 2057 versionibus.
427 2006 507 2055 Habet
521 2010 607 2056 tamen
626 2019 655 2055 ea
671 2005 830 2066 Ambrosius,
843 2011 867 2054 ei
880 2005 924 2055 alil
933 2008 1031 2067 antiqui
1039 2026 1047 2067 ς
1060 2011 1084 2054 ci
1095 2018 1138 2054 ex-

78 2073 165 2134 piuant
183 2075 252 2126 bene
271 2075 334 2138 ould
353 2074 477 2138 significet
491 2081 637 2138 reputatum
653 2081 700 2134 est,
712 2078 761 2124 etc.
780 2078 805 2123 et
818 2088 865 2124 eur
881 2074 929 2123 hoc
949 2075 1025 2124 verbo
1042 2087 1086 2124 usa
1106 2076 1139 2123 sit

78 2143 212 2208 §criptura
222 2146 363 2206 Nimirum,
376 2150 404 2194 ut
419 2143 513 2194 indicet
524 2144 592 2206 qubd
603 2143 679 2204 fides,
695 2156 724 2193 ex
743 2147 834 2192 natura
846 2155 892 2192 sua
906 2154 958 2192 non
971 2144 1052 2206 pariat
1061 2144 1138 2202 justi—

78 2213 132 2262 liam
142 2251 149 2274 ,
158 2226 209 2265 nec
223 2213 283 2263 fidei
299 2213 373 2263 detur
390 2215 488 2274 lustitia
503 2217 626 2278 tanquam
644 2212 771 2274 debitum;
783 2212 826 2262 sed
839 2225 870 2261 er
881 2213 989 2273 gratioso
1001 2213 1026 2259 et
1042 2210 1137 2260 liberali

78 2281 171 2334 lecreto
183 2283 229 2334 liei
239 2303 247 2344 ς
257 2295 308 2344 quo
320 2285 409 2333 statuit
419 2283 451 2331 ad
461 2286 549 2332 actum
562 2282 621 2331 ildal
633 2281 761 2343 lormatae,
775 2293 819 2331 seu
834 2281 965 2330 adactum
978 2280 1138 2331 contritionis

78 2353 178 2411 nattam
186 2350 371 2413 justificantem
383 2353 450 2402 dare.

98 2419 137 2470 ad
147 2421 334 2484 perficiendum
345 2421 455 2484 Apostoli
466 2422 644 2482 ratiocinium,
655 2421 718 2470 adde
727 2421 795 2483 quod
805 2420 977 2483 subintelligit.
989 2419 1064 2482 btqui
1076 2430 1138 2472 oon·

78 2493 118 2540 ilat
130 2503 161 2540 ex
174 2491 307 2555 Scriptura
318 2493 372 2552 jam
383 2493 459 2541 citata
469 2527 476 2552 ,
486 2493 611 2553 justitiam
622 2491 726 2541 Abrahae
737 2492 821 2540 datam
834 2491 911 2541 luisse
924 2491 1015 2553 gratis,
1024 2504 1068 2541 seu
1080 2490 1137 2543 tan-

78 2574 145 2623 {uaur
156 2562 257 2612 donum
267 2563 406 2629 gratuitum
417 2580 424 2611 ε
435 2560 484 2611 hoc
497 2562 567 2610 enim
579 2562 703 2623 significat
718 2562 793 2611 verbo
808 2568 830 2612 et
839 2568 1000 2624 reputotom,
1012 2563 1136 2623 etc.;e'rgo

78 2642 121 2691 rou
132 2642 164 2683 ex
178 2632 311 2694 operibus,
321 2630 380 2683 data
391 2632 460 2680 enlm
471 2630 559 2680 luisset
573 2635 601 2679 ut
612 2643 708 2681 merces
714 2651 721 2693 ;
732 2631 774 2681 sed
782 2645 826 2694 per
838 2631 913 2681 tidem
923 2635 932 2692 J
936 2631 1076 2681 ustiiioatus
1089 2636 1135 2679 est.

97 2694 317 2763 liuame'totum,
329 2705 354 2751 et
362 2703 434 2763 iuxta
444 2705 556 2751 mentem
568 2699 678 2763 apostoli
689 2702 788 2765 applica
800 2706 979 2763 argumentum
991 2722 998 2751 r
1009 2696 1136 2751 Abraham

78 2768 215 2822 ludaeorum
234 2774 321 2833 pater,
340 2770 481 2820 secundum
492 2782 610 2832 carnem,
625 2773 650 2820 et
661 2773 776 2820 omnium
789 2770 901 2820 ildelium
915 2767 1135 2832 paterseoundvim

78 2842 200 2905 iplritum,
211 2841 292 2903 gratis
313 2845 338 2891 et
357 2853 401 2904 per
413 2840 488 2890 tidem
502 2840 654 2901 Justliioatus
668 2844 705 2890 est
719 2860 725 2889 ι
743 2840 875 2904 perfidem
892 2840 974 2891 iactus
985 2844 1023 2890 est
1038 2842 1135 2889 amicus

78 2911 124 2972 lai,
137 2914 164 2961 et
176 2908 294 2961 fidelium
307 2913 424 2962 omnium
439 2914 509 2973 pater
527 2913 552 2959 et
568 2923 656 2960 norma
671 2930 678 2960 ι
694 2922 752 2972 ergo
767 2914 793 2960 et
807 2923 859 2959 non
872 2912 950 2972 gratis
959 2923 1005 2975 per
1018 2909 1096 2959 fldem
1110 2914 1135 2958 et

78 2980 174 3039 uetiam
186 2979 282 3031 Christi
291 2980 470 3041 justificamur.
481 2979 564 3029 Gratis
575 2985 600 3028 1ο
609 2981 668 3041 qula
676 2992 720 3042 per
729 2981 820 3028 merita
833 2978 992 3038 christiaco
1003 2991 1048 3042 per
1059 2989 1134 3041 opera

78 3051 171 3110 rasim
189 3049 217 3098 2⁰
233 3050 294 3110 quia
308 3048 384 3110 ildes,
396 3061 452 3109 qua
470 3048 525 3098 brec
538 3048 631 3098 Christi
646 3050 736 3098 merita
749 3048 822 3098 nobis
838 3046 963 3111 applicat,
980 3058 1075 3109 purum
1089 3046 1134 3095 ilci

78 3115 163 3169 lanam
174 3123 230 3180 est,
240 3117 386 3179 Christique
395 3120 546 3169 meritorum
556 3117 663 3168 fruetus.

95 3203 257 3259 (tasaavrrro
268 3205 507 3263 nonius-Gratis
518 3209 617 3256 creatus
630 3219 687 3256 sum
699 3224 706 3255 ε
720 3203 798 3267 gratis
810 3203 955 3268 redemptus
968 3214 1026 3254 sam
1038 3223 1045 3253 ι
1057 3204 1134 3265 gratu

78 3275 218 3326 eradcatus
230 3289 289 3326 sum
300 3294 307 3324 =
317 3279 401 3325 totum
412 3276 521 3338 argolici
532 3289 590 3325 sum
600 3313 607 3338 ,
617 3275 643 3324 ld
656 3273 790 3336 quodsum
801 3292 807 3322 ε
821 3274 898 3334 gratis
909 3271 1012 3322 bulhllo
1024 3269 1134 3321 naturali

78 3356 109 3394 ter
119 3346 264 3408 potentiam
275 3344 345 3394 illius
363 3349 488 3395 extractus
504 3363 511 3394 ι
525 3344 601 3408 gratis
617 3344 631 3393 t
647 3342 728 3392 nihilo
744 3342 842 3404 peccati
856 3353 901 3403 per
911 3339 987 3389 iidem
1005 3338 1131 3388 eductus:

78 3415 145 3464 otum
156 3425 217 3477 ergo
228 3426 271 3464 me
284 3413 362 3463 debeo
375 3412 426 3463 lieo
440 3412 568 3472 Creatori,
585 3411 760 3473 Redemptori,
774 3409 946 3460 testificaturi.
960 3407 1070 3466 Obeus,
1084 3407 1133 3456 tri·

78 3479 123 3533 lici
136 3483 213 3533 titulo
224 3482 309 3533 cordis
321 3483 372 3532 mei
384 3482 448 3532 lieus
458 3519 465 3542 ,
476 3484 582 3531 unicum
593 3493 636 3530 cor
647 3492 733 3529 meum
744 3479 843 3541 posside
855 3477 944 3526 saltem
952 3479 1086 3538 integrum.

93 3566 199 3619 Διτιιυι
212 3579 372 3618 oasanvarro
384 3579 416 3616 ar
427 3565 653 3616 enarra-Gratia
664 3564 708 3614 liei
722 3576 797 3624 snm,
811 3563 837 3613 id
850 3575 925 3612 omne
938 3560 1005 3623 quod
1016 3571 1090 3620 sum;
1104 3559 1132 3608 in

78 3649 105 3690 ae
114 3639 181 3689 nihil
191 3651 299 3698 meum,
314 3638 364 3688 nlsl
375 3637 537 3688 mendacium
548 3640 573 3685 et
586 3638 720 3700 peccatum
732 3652 739 3682 z
753 3633 796 3683 ubl
808 3636 846 3682 est
859 3645 916 3694 ergo
926 3631 1041 3693 gloriatio
1056 3632 1133 3678 meai

93 3706 176 3773 Apage
186 3710 371 3773 presumptio,
382 3710 513 3770 omnisque
521 3706 582 3758 falsa
595 3708 622 3757 ln
633 3705 742 3768 propriis
752 3704 850 3752 meritis
860 3700 1011 3770 confidentia
1021 3700 1067 3745 aut
1080 3696 1133 3746 ele-

78 3780 129 3829 atlo
143 3799 151 3829 r
167 3783 239 3829 totus
251 3790 283 3828 ex
299 3778 350 3827 lieo
364 3791 435 3840 sum3
444 3781 512 3827 totus
528 3789 586 3840 ergo
597 3775 660 3837 lieo,
671 3785 717 3836 per
732 3771 860 3822 Christum
871 3809 878 3833 ‚
888 3779 987 3828 semper
1001 3775 1054 3812 esse
1064 3763 1132 3813 volo.

78 3847 114 3900 loa
126 3853 156 3899 ut
172 3851 210 3899 lta
228 3850 264 3898 sit
282 3848 423 3908 meatim,
438 3849 538 3911 adauge
557 3847 633 3911 fidem
651 3853 751 3904 meam,
767 3852 824 3903 quae
840 3837 950 3887 nihilum
967 3842 1053 3880 meum
1067 3829 1133 3881 mibi

78 3917 184 3970 ¹ttutlrrad
194 3917 357 3973 demonstret
364 3918 500 3981 rtuamque
513 3929 569 3981 erga
579 3925 621 3968 ma
636 3908 836 3964 misericerdiam
846 3914 943 3967 semper
953 3895 1067 3948 exhibeat
1079 3912 1085 3943 ι
1095 3896 1133 3949 sio
