<?xml version="1.0" encoding="UTF-8"?>
<!DOCTYPE html PUBLIC "-//W3C//DTD XHTML 1.0 Transitional//EN"
    "http://www.w3.org/TR/xhtml1/DTD/xhtml1-transitional.dtd">
<html xmlns="http://www.w3.org/1999/xhtml" xml:lang="en" lang="en">
 <head>
  <title>
</title>
<meta http-equiv="Content-Type" content="text/html;charset=utf-8" />
  <meta name='ocr-system' content='tesseract 3.04.00' />
  <meta name='ocr-capabilities' content='ocr_page ocr_carea ocr_par ocr_line ocrx_word'/>
</head>
<body>
  <div class='ocr_page' id='page_1' title='image "./epistolarumbpau00berngoog/epistolarumbpau00berngoog_0069.png"; bbox 0 0 2520 4440; ppageno 0'>
   <div class='ocr_carea' id='block_1_1' title="bbox 132 241 930 302">
    <p class='ocr_par' dir='ltr' id='par_1_1' title="bbox 132 241 930 302">
     <span class='ocr_line' id='line_1_1' title="bbox 132 241 930 302; baseline -0.01 0"><span class='ocrx_word' id='word_1_1' title='bbox 132 251 167 302; x_wconf 71' lang='grc'><strong>54</strong></span> <span class='ocrx_word' id='word_1_2' title='bbox 427 243 632 299; x_wconf 77' lang='lat' dir='ltr'><strong>EPISTOLAE</strong></span> <span class='ocrx_word' id='word_1_3' title='bbox 651 244 701 295; x_wconf 74' lang='lat' dir='ltr'><strong>Ab</strong></span> <span class='ocrx_word' id='word_1_4' title='bbox 719 241 904 297; x_wconf 74' lang='lat' dir='ltr'><strong>noaldus</strong></span> <span class='ocrx_word' id='word_1_5' title='bbox 924 248 930 257; x_wconf 87' lang='lat'><em>&#39;</em></span> 
     </span>
    </p>
   </div>
   <div class='ocr_carea' id='block_1_2' title="bbox 130 334 1204 877">
    <p class='ocr_par' dir='ltr' id='par_1_2' title="bbox 130 334 1204 877">
     <span class='ocr_line' id='line_1_2' title="bbox 161 334 1203 406; baseline -0.004 -15"><span class='ocrx_word' id='word_1_6' title='bbox 161 341 214 396; x_wconf 85' lang='lat' dir='ltr'><strong>lrnb</strong></span> <span class='ocrx_word' id='word_1_7' title='bbox 226 352 304 401; x_wconf 87' lang='lat' dir='ltr'><strong>quare</strong></span> <span class='ocrx_word' id='word_1_8' title='bbox 322 339 406 402; x_wconf 88' lang='lat' dir='ltr'><strong>pouus</strong></span> <span class='ocrx_word' id='word_1_9' title='bbox 419 352 473 391; x_wconf 88' lang='lat' dir='ltr'><strong>non</strong></span> <span class='ocrx_word' id='word_1_10' title='bbox 484 351 619 403; x_wconf 78' lang='lat' dir='ltr'><strong>peccemus</strong></span> <span class='ocrx_word' id='word_1_11' title='bbox 631 339 732 400; x_wconf 90' lang='lat' dir='ltr'><strong>propter</strong></span> <span class='ocrx_word' id='word_1_12' title='bbox 790 341 816 391; x_wconf 92' lang='lat'><strong>8.</strong></span> <span class='ocrx_word' id='word_1_13' title='bbox 826 342 859 391; x_wconf 84' lang='lat' dir='ltr'><strong>Et</strong></span> <span class='ocrx_word' id='word_1_14' title='bbox 868 351 925 391; x_wconf 91' lang='lat' dir='ltr'><strong>non</strong></span> <span class='ocrx_word' id='word_1_15' title='bbox 936 334 1203 406; x_wconf 75' lang='lat' dir='ltr'><strong>(sieutblasplremu</strong></span> 
     </span>
     <span class='ocr_line' id='line_1_3' title="bbox 131 405 1204 480; baseline -0.007 -23"><span class='ocrx_word' id='word_1_16' title='bbox 131 407 200 469; x_wconf 88' lang='lat' dir='ltr'><strong>bunc</strong></span> <span class='ocrx_word' id='word_1_17' title='bbox 221 406 316 465; x_wconf 84' lang='lat' dir='ltr'><strong>finem,</strong></span> <span class='ocrx_word' id='word_1_18' title='bbox 335 406 447 467; x_wconf 84' lang='lat' dir='ltr'><strong>scilicet,</strong></span> <span class='ocrx_word' id='word_1_19' title='bbox 468 413 497 459; x_wconf 92' lang='lat' dir='ltr'><strong>ut</strong></span> <span class='ocrx_word' id='word_1_20' title='bbox 509 407 602 466; x_wconf 82' lang='lat' dir='ltr'><strong>nestris</strong></span> <span class='ocrx_word' id='word_1_21' title='bbox 621 405 733 466; x_wconf 86' lang='lat' dir='ltr'><strong>peccetis</strong></span> <span class='ocrx_word' id='word_1_22' title='bbox 755 428 827 478; x_wconf 63' lang='lat' dir='ltr'><strong>mur⁹</strong></span> <span class='ocrx_word' id='word_1_23' title='bbox 856 420 884 468; x_wconf 65' lang='lat' dir='ltr'><strong>eq</strong></span> <span class='ocrx_word' id='word_1_24' title='bbox 903 415 976 468; x_wconf 60' lang='lat' dir='ltr'><strong>„peut</strong></span> <span class='ocrx_word' id='word_1_25' title='bbox 993 414 1079 467; x_wconf 81' lang='lat' dir='ltr'><strong>aiunt</strong></span> <span class='ocrx_word' id='word_1_26' title='bbox 1092 412 1204 480; x_wconf 66' lang='lat' dir='ltr'><strong>quiqam</strong></span> 
     </span>
     <span class='ocr_line' id='line_1_4' title="bbox 130 474 1204 560; baseline -0.005 -35"><span class='ocrx_word' id='word_1_27' title='bbox 130 477 265 538; x_wconf 76' lang='lat' dir='ltr'><strong>spectatior</strong></span> <span class='ocrx_word' id='word_1_28' title='bbox 276 475 321 524; x_wconf 88' lang='lat' dir='ltr'><strong>liat</strong></span> <span class='ocrx_word' id='word_1_29' title='bbox 331 474 375 524; x_wconf 89' lang='lat' dir='ltr'><strong>Dei</strong></span> <span class='ocrx_word' id='word_1_30' title='bbox 390 475 469 537; x_wconf 81' lang='lat' dir='ltr'><strong>gloria</strong></span> <span class='ocrx_word' id='word_1_31' title='bbox 481 495 488 524; x_wconf 76' lang='grc' dir='ltr'>ι</span> <span class='ocrx_word' id='word_1_32' title='bbox 503 475 587 539; x_wconf 89' lang='lat' dir='ltr'><strong>(sicut</strong></span> <span class='ocrx_word' id='word_1_33' title='bbox 598 474 676 535; x_wconf 84' lang='lat' dir='ltr'><strong>aliqui</strong></span> <span class='ocrx_word' id='word_1_34' title='bbox 689 486 732 536; x_wconf 89' lang='lat' dir='ltr'><strong>per</strong></span> <span class='ocrx_word' id='word_1_35' title='bbox 756 505 808 544; x_wconf 63' lang='lat'><strong>„03</strong></span> <span class='ocrx_word' id='word_1_36' title='bbox 817 490 929 560; x_wconf 61' lang='lat' dir='ltr'>dicere)</span> <span class='ocrx_word' id='word_1_37' title='bbox 941 491 1083 544; x_wconf 61' lang='lat' dir='ltr'><strong>faciamus</strong></span> <span class='ocrx_word' id='word_1_38' title='bbox 1094 491 1168 542; x_wconf 63' lang='lat' dir='ltr'><strong>mapa</strong></span> <span class='ocrx_word' id='word_1_39' title='bbox 1179 497 1204 542; x_wconf 66' lang='lat' dir='ltr'><strong>m</strong></span> 
     </span>
     <span class='ocr_line' id='line_1_5' title="bbox 131 534 1204 622; baseline -0.007 -27"><span class='ocrx_word' id='word_1_40' title='bbox 131 545 288 595; x_wconf 87' lang='lat' dir='ltr'><strong>calumniam</strong></span> <span class='ocrx_word' id='word_1_41' title='bbox 301 543 391 593; x_wconf 91' lang='lat' dir='ltr'><strong>dicunt</strong></span> <span class='ocrx_word' id='word_1_42' title='bbox 405 544 437 593; x_wconf 91' lang='lat' dir='ltr'><strong>de</strong></span> <span class='ocrx_word' id='word_1_43' title='bbox 453 546 541 605; x_wconf 89' lang='lat' dir='ltr'><strong>nobis,</strong></span> <span class='ocrx_word' id='word_1_44' title='bbox 557 534 633 594; x_wconf 83' lang='lat' dir='ltr'><strong>verbu</strong></span> <span class='ocrx_word' id='word_1_45' title='bbox 647 547 733 592; x_wconf 89' lang='lat' dir='ltr'><strong>nostra</strong></span> <span class='ocrx_word' id='word_1_46' title='bbox 756 569 869 621; x_wconf 60' lang='lat' dir='ltr'><strong>veniam</strong></span> <span class='ocrx_word' id='word_1_47' title='bbox 882 569 976 621; x_wconf 61' lang='lat' dir='ltr'><strong>bom,</strong></span> <span class='ocrx_word' id='word_1_48' title='bbox 1012 582 1119 622; x_wconf 58' lang='lat' dir='ltr'><strong>uorum</strong></span> <span class='ocrx_word' id='word_1_49' title='bbox 1131 567 1204 620; x_wconf 51' lang='lat' dir='ltr'><strong>dam·</strong></span> 
     </span>
     <span class='ocr_line' id='line_1_6' title="bbox 132 584 1134 700; baseline -0.006 -38"><span class='ocrx_word' id='word_1_50' title='bbox 132 616 170 662; x_wconf 90' lang='lat' dir='ltr'><strong>sic</strong></span> <span class='ocrx_word' id='word_1_51' title='bbox 191 613 402 673; x_wconf 78' lang='lat' dir='ltr'><strong>interpretantes,</strong></span> <span class='ocrx_word' id='word_1_52' title='bbox 421 615 495 674; x_wconf 84' lang='lat' dir='ltr'><strong>quasi</strong></span> <span class='ocrx_word' id='word_1_53' title='bbox 522 625 570 661; x_wconf 93' lang='lat' dir='ltr'><strong>nos</strong></span> <span class='ocrx_word' id='word_1_54' title='bbox 592 614 627 660; x_wconf 91' lang='lat' dir='ltr'><strong>lta</strong></span> <span class='ocrx_word' id='word_1_55' title='bbox 646 609 733 670; x_wconf 90' lang='lat' dir='ltr'><strong>loqua-</strong></span> <span class='ocrx_word' id='word_1_56' title='bbox 757 632 852 700; x_wconf 57' lang='lat' dir='ltr'><strong>nmo.</strong></span> <span class='ocrx_word' id='word_1_57' title='bbox 876 653 946 700; x_wconf 59' lang='lat' dir='ltr'><strong>stae</strong></span> <span class='ocrx_word' id='word_1_58' title='bbox 964 584 1009 698; x_wconf 52' lang='lat' dir='ltr'><strong>iq</strong></span> <span class='ocrx_word' id='word_1_59' title='bbox 1130 631 1134 640; x_wconf 94' lang='lat'>·</span> 
     </span>
     <span class='ocr_line' id='line_1_7' title="bbox 132 661 984 743; baseline -0.006 -13"><span class='ocrx_word' id='word_1_60' title='bbox 132 677 207 741; x_wconf 85' lang='lat' dir='ltr'><strong>mur)</strong></span> <span class='ocrx_word' id='word_1_61' title='bbox 223 682 235 728; x_wconf 71' lang='lat' dir='ltr'><strong>t&gt;</strong></span> <span class='ocrx_word' id='word_1_62' title='bbox 250 678 299 729; x_wconf 82' lang='lat' dir='ltr'><strong>Sed</strong></span> <span class='ocrx_word' id='word_1_63' title='bbox 313 680 403 743; x_wconf 86' lang='lat' dir='ltr'><strong>procul</strong></span> <span class='ocrx_word' id='word_1_64' title='bbox 417 681 432 728; x_wconf 82' lang='lat' dir='ltr'><strong>t</strong></span> <span class='ocrx_word' id='word_1_65' title='bbox 447 682 497 741; x_wconf 88' lang='lat' dir='ltr'><strong>plis</strong></span> <span class='ocrx_word' id='word_1_66' title='bbox 512 680 606 729; x_wconf 91' lang='lat' dir='ltr'><strong>animis</strong></span> <span class='ocrx_word' id='word_1_67' title='bbox 626 679 679 727; x_wconf 89' lang='lat' dir='ltr'><strong>sint</strong></span> <span class='ocrx_word' id='word_1_68' title='bbox 694 677 733 726; x_wconf 84' lang='lat' dir='ltr'><strong>bec</strong></span> <span class='ocrx_word' id='word_1_69' title='bbox 841 661 873 714; x_wconf 80' lang='lat' dir='ltr'><strong>Ju</strong></span> <span class='ocrx_word' id='word_1_70' title='bbox 948 662 962 700; x_wconf 76' lang='lat'>⁸</span> <span class='ocrx_word' id='word_1_71' title='bbox 977 685 984 700; x_wconf 90' lang='lat'><strong>·</strong></span> 
     </span>
     <span class='ocr_line' id='line_1_8' title="bbox 132 750 733 811; baseline -0.007 -11"><span class='ocrx_word' id='word_1_72' title='bbox 132 750 289 811; x_wconf 84' lang='lat' dir='ltr'><strong>irnpietates;</strong></span> <span class='ocrx_word' id='word_1_73' title='bbox 308 752 333 797; x_wconf 91' lang='lat' dir='ltr'><strong>et</strong></span> <span class='ocrx_word' id='word_1_74' title='bbox 352 751 387 798; x_wconf 89' lang='lat' dir='ltr'><strong>ita</strong></span> <span class='ocrx_word' id='word_1_75' title='bbox 412 752 567 806; x_wconf 82' lang='lat' dir='ltr'><strong>sentientes,</strong></span> <span class='ocrx_word' id='word_1_76' title='bbox 584 751 609 797; x_wconf 91' lang='lat' dir='ltr'><strong>et</strong></span> <span class='ocrx_word' id='word_1_77' title='bbox 630 750 666 797; x_wconf 84' lang='lat' dir='ltr'><strong>ita</strong></span> <span class='ocrx_word' id='word_1_78' title='bbox 690 760 733 796; x_wconf 91' lang='lat' dir='ltr'><strong>ca-·</strong></span> 
     </span>
     <span class='ocr_line' id='line_1_9' title="bbox 141 815 732 877; baseline -0.008 -10"><span class='ocrx_word' id='word_1_79' title='bbox 141 819 285 867; x_wconf 90' lang='lat' dir='ltr'><strong>umuiantes</strong></span> <span class='ocrx_word' id='word_1_80' title='bbox 294 854 301 876; x_wconf 90' lang='lat'>‚</span> <span class='ocrx_word' id='word_1_81' title='bbox 311 816 379 877; x_wconf 79' lang='lat' dir='ltr'><strong>Juste</strong></span> <span class='ocrx_word' id='word_1_82' title='bbox 391 819 416 864; x_wconf 91' lang='lat' dir='ltr'><strong>et</strong></span> <span class='ocrx_word' id='word_1_83' title='bbox 427 815 518 864; x_wconf 83' lang='lat' dir='ltr'><strong>merito</strong></span> <span class='ocrx_word' id='word_1_84' title='bbox 533 815 732 864; x_wconf 88' lang='lat' dir='ltr'><strong>damnabuntur.</strong></span> 
     </span>
    </p>
   </div>
   <div class='ocr_carea' id='block_1_3' title="bbox 131 884 1206 1032">
    <p class='ocr_par' dir='ltr' id='par_1_3' title="bbox 131 884 1206 1032">
     <span class='ocr_line' id='line_1_10' title="bbox 161 884 1206 958; baseline -0.006 -23"><span class='ocrx_word' id='word_1_85' title='bbox 161 887 225 946; x_wconf 92' lang='lat' dir='ltr'><strong>Sed,</strong></span> <span class='ocrx_word' id='word_1_86' title='bbox 242 892 271 934; x_wconf 91' lang='lat' dir='ltr'><strong>ut</strong></span> <span class='ocrx_word' id='word_1_87' title='bbox 286 884 319 934; x_wconf 86' lang='lat' dir='ltr'><strong>ed</strong></span> <span class='ocrx_word' id='word_1_88' title='bbox 333 887 491 946; x_wconf 87' lang='lat' dir='ltr'><strong>propositum</strong></span> <span class='ocrx_word' id='word_1_89' title='bbox 501 885 623 933; x_wconf 75' lang='lat' dir='ltr'><strong>redeatur</strong></span> <span class='ocrx_word' id='word_1_90' title='bbox 641 897 675 933; x_wconf 88' lang='lat' dir='ltr'><strong>an</strong></span> <span class='ocrx_word' id='word_1_91' title='bbox 687 895 733 931; x_wconf 87' lang='lat' dir='ltr'><strong>nos</strong></span> <span class='ocrx_word' id='word_1_92' title='bbox 791 894 817 944; x_wconf 74' lang='lat'><strong>9,</strong></span> <span class='ocrx_word' id='word_1_93' title='bbox 831 891 904 954; x_wconf 74' lang='lat' dir='ltr'>Quid</span> <span class='ocrx_word' id='word_1_94' title='bbox 915 889 1004 958; x_wconf 57' lang='lat' dir='ltr'><strong>9ngss</strong></span> <span class='ocrx_word' id='word_1_95' title='bbox 1016 887 1206 942; x_wconf 71' lang='lat' dir='ltr'><strong>praeoellimus</strong></span> 
     </span>
     <span class='ocr_line' id='line_1_11' title="bbox 131 951 1205 1032; baseline -0.008 -28"><span class='ocrx_word' id='word_1_96' title='bbox 131 954 211 1004; x_wconf 80' lang='lat' dir='ltr'><strong>Judaei</strong></span> <span class='ocrx_word' id='word_1_97' title='bbox 225 953 393 1017; x_wconf 76' lang='lat' dir='ltr'><strong>praecellimus</strong></span> <span class='ocrx_word' id='word_1_98' title='bbox 406 953 529 1001; x_wconf 84' lang='lat' dir='ltr'><strong>Etbnlcos</strong></span> <span class='ocrx_word' id='word_1_99' title='bbox 543 955 570 1000; x_wconf 91' lang='lat' dir='ltr'><strong>in</strong></span> <span class='ocrx_word' id='word_1_100' title='bbox 583 951 672 1001; x_wconf 84' lang='lat' dir='ltr'><strong>salutis</strong></span> <span class='ocrx_word' id='word_1_101' title='bbox 688 963 733 998; x_wconf 91' lang='lat' dir='ltr'><strong>ne-</strong></span> <span class='ocrx_word' id='word_1_102' title='bbox 756 965 840 1021; x_wconf 68' lang='lat' dir='ltr'><strong>eosp·</strong></span> <span class='ocrx_word' id='word_1_103' title='bbox 856 969 1054 1032; x_wconf 48' lang='lat' dir='ltr'><strong>Nequaquam·</strong></span> <span class='ocrx_word' id='word_1_104' title='bbox 1098 960 1205 1016; x_wconf 60' lang='lat' dir='ltr'>causan</span> 
     </span>
    </p>
   </div>
   <div class='ocr_carea' id='block_1_4' title="bbox 131 1019 1206 1647">
    <p class='ocr_par' dir='ltr' id='par_1_4' title="bbox 131 1019 1206 1647">
     <span class='ocr_line' id='line_1_12' title="bbox 131 1019 1206 1098; baseline -0.004 -26"><span class='ocrx_word' id='word_1_105' title='bbox 131 1025 216 1085; x_wconf 75' lang='lat' dir='ltr'><strong>gotio?</strong></span> <span class='ocrx_word' id='word_1_106' title='bbox 232 1021 338 1070; x_wconf 83' lang='lat' dir='ltr'><strong>minime</strong></span> <span class='ocrx_word' id='word_1_107' title='bbox 348 1019 356 1081; x_wconf 64' lang='grc' dir='ltr'><strong>ς’</strong></span> <span class='ocrx_word' id='word_1_108' title='bbox 368 1023 421 1080; x_wconf 82' lang='lat' dir='ltr'><strong>jum</strong></span> <span class='ocrx_word' id='word_1_109' title='bbox 436 1021 546 1068; x_wconf 90' lang='lat' dir='ltr'><strong>enimin</strong></span> <span class='ocrx_word' id='word_1_110' title='bbox 562 1020 732 1082; x_wconf 88' lang='lat' dir='ltr'><strong>superioribus</strong></span> <span class='ocrx_word' id='word_1_111' title='bbox 756 1045 831 1098; x_wconf 56' lang='lat' dir='ltr'><strong>enim</strong></span> <span class='ocrx_word' id='word_1_112' title='bbox 842 1057 940 1096; x_wconf 70' lang='lat' dir='ltr'><strong>sumus</strong></span> <span class='ocrx_word' id='word_1_113' title='bbox 964 1042 1086 1096; x_wconf 67' lang='lat' dir='ltr'>Judaeos</span> <span class='ocrx_word' id='word_1_114' title='bbox 1096 1040 1206 1092; x_wconf 81' lang='lat' dir='ltr'><strong>etGrae·</strong></span> 
     </span>
     <span class='ocr_line' id='line_1_13' title="bbox 131 1083 1205 1170; baseline -0.007 -31"><span class='ocrx_word' id='word_1_115' title='bbox 131 1090 230 1141; x_wconf 86' lang='lat' dir='ltr'><strong>ostendi</strong></span> <span class='ocrx_word' id='word_1_116' title='bbox 246 1103 347 1149; x_wconf 78' lang='lat' dir='ltr'><strong>ornnes,</strong></span> <span class='ocrx_word' id='word_1_117' title='bbox 363 1094 388 1138; x_wconf 89' lang='lat' dir='ltr'><strong>et</strong></span> <span class='ocrx_word' id='word_1_118' title='bbox 405 1089 503 1139; x_wconf 83' lang='lat' dir='ltr'><strong>Jndaecs</strong></span> <span class='ocrx_word' id='word_1_119' title='bbox 520 1094 545 1138; x_wconf 89' lang='lat' dir='ltr'><strong>et</strong></span> <span class='ocrx_word' id='word_1_120' title='bbox 562 1090 661 1138; x_wconf 85' lang='lat' dir='ltr'><strong>Graeces</strong></span> <span class='ocrx_word' id='word_1_121' title='bbox 679 1101 732 1137; x_wconf 90' lang='lat' dir='ltr'><strong>esse</strong></span> <span class='ocrx_word' id='word_1_122' title='bbox 946 1083 979 1170; x_wconf 73' lang='lat' dir='ltr'><strong>&#39;b</strong></span> <span class='ocrx_word' id='word_1_123' title='bbox 1084 1122 1095 1168; x_wconf 58' lang='lat' dir='ltr'>t</span> <span class='ocrx_word' id='word_1_124' title='bbox 1199 1132 1205 1142; x_wconf 76' lang='grc'><em>,</em></span> 
     </span>
     <span class='ocr_line' id='line_1_14' title="bbox 132 1128 1205 1222; baseline -0.004 -12"><span class='ocrx_word' id='word_1_125' title='bbox 132 1161 179 1210; x_wconf 89' lang='lat' dir='ltr'><strong>sub</strong></span> <span class='ocrx_word' id='word_1_126' title='bbox 193 1162 288 1222; x_wconf 87' lang='lat' dir='ltr'><strong>peccati</strong></span> <span class='ocrx_word' id='word_1_127' title='bbox 300 1163 360 1222; x_wconf 80' lang='lat' dir='ltr'><strong>jugo</strong></span> <span class='ocrx_word' id='word_1_128' title='bbox 375 1162 486 1221; x_wconf 89' lang='lat' dir='ltr'><strong>captivos</strong></span> <span class='ocrx_word' id='word_1_129' title='bbox 501 1179 507 1208; x_wconf 72' lang='grc' dir='ltr'><strong>ε</strong></span> <span class='ocrx_word' id='word_1_130' title='bbox 523 1161 550 1208; x_wconf 94' lang='lat' dir='ltr'><strong>in</strong></span> <span class='ocrx_word' id='word_1_131' title='bbox 564 1159 613 1208; x_wconf 90' lang='lat' dir='ltr'><strong>hoe</strong></span> <span class='ocrx_word' id='word_1_132' title='bbox 629 1162 731 1218; x_wconf 84' lang='lat' dir='ltr'><strong>autern,</strong></span> <span class='ocrx_word' id='word_1_133' title='bbox 755 1135 804 1173; x_wconf 68' lang='lat'><strong>⁶⁰⁵</strong></span> <span class='ocrx_word' id='word_1_134' title='bbox 816 1134 914 1216; x_wconf 47' lang='lat' dir='ltr'><strong>⁰m¹¹9⁵</strong></span> <span class='ocrx_word' id='word_1_135' title='bbox 925 1133 958 1171; x_wconf 75' lang='lat'><strong>⁵¹¹</strong></span> <span class='ocrx_word' id='word_1_136' title='bbox 991 1130 1083 1185; x_wconf 64' lang='lat' dir='ltr'>pecca</span> <span class='ocrx_word' id='word_1_137' title='bbox 1097 1129 1115 1169; x_wconf 89' lang='lat'><strong>⁰</strong></span> <span class='ocrx_word' id='word_1_138' title='bbox 1128 1128 1205 1169; x_wconf 48' lang='grc' dir='ltr'><strong>Μ’</strong></span> 
     </span>
     <span class='ocr_line' id='line_1_15' title="bbox 132 1226 1092 1295; baseline 0 -20"><span class='ocrx_word' id='word_1_139' title='bbox 132 1238 203 1288; x_wconf 78' lang='lat' dir='ltr'><strong>qun,</strong></span> <span class='ocrx_word' id='word_1_140' title='bbox 217 1227 297 1276; x_wconf 91' lang='lat' dir='ltr'><strong>etubi</strong></span> <span class='ocrx_word' id='word_1_141' title='bbox 315 1226 505 1289; x_wconf 78' lang='lat' dir='ltr'><strong>praecellentia?</strong></span> <span class='ocrx_word' id='word_1_142' title='bbox 1015 1282 1022 1295; x_wconf 49' lang='lat'>‚</span> <span class='ocrx_word' id='word_1_143' title='bbox 1091 1279 1092 1282; x_wconf 50' lang='lat'>,</span> 
     </span>
     <span class='ocr_line' id='line_1_16' title="bbox 163 1283 1205 1356; baseline -0.011 -15"><span class='ocrx_word' id='word_1_144' title='bbox 163 1292 234 1353; x_wconf 79' lang='lat' dir='ltr'><strong>Quod</strong></span> <span class='ocrx_word' id='word_1_145' title='bbox 245 1297 270 1341; x_wconf 92' lang='lat' dir='ltr'><strong>et</strong></span> <span class='ocrx_word' id='word_1_146' title='bbox 287 1292 319 1341; x_wconf 89' lang='lat' dir='ltr'><strong>de</strong></span> <span class='ocrx_word' id='word_1_147' title='bbox 332 1293 450 1343; x_wconf 89' lang='lat' dir='ltr'><strong>omnibus</strong></span> <span class='ocrx_word' id='word_1_148' title='bbox 461 1292 538 1342; x_wconf 87' lang='lat' dir='ltr'><strong>simul</strong></span> <span class='ocrx_word' id='word_1_149' title='bbox 556 1294 634 1356; x_wconf 89' lang='lat' dir='ltr'><strong>probe</strong></span> <span class='ocrx_word' id='word_1_150' title='bbox 650 1293 732 1343; x_wconf 78' lang='lat' dir='ltr'><strong>sacru</strong></span> <span class='ocrx_word' id='word_1_151' title='bbox 789 1289 835 1340; x_wconf 84' lang='lat'><strong>10.</strong></span> <span class='ocrx_word' id='word_1_152' title='bbox 860 1285 938 1338; x_wconf 85' lang='lat' dir='ltr'><strong>Sicut</strong></span> <span class='ocrx_word' id='word_1_153' title='bbox 966 1287 1111 1349; x_wconf 80' lang='lat' dir='ltr'><strong>seriptum</strong></span> <span class='ocrx_word' id='word_1_154' title='bbox 1138 1283 1205 1332; x_wconf 85' lang='lat' dir='ltr'><strong>est:</strong></span> 
     </span>
     <span class='ocr_line' id='line_1_17' title="bbox 132 1360 1205 1478; baseline -0.004 -67"><span class='ocrx_word' id='word_1_155' title='bbox 132 1363 268 1478; x_wconf 72' lang='lat' dir='ltr'><strong>Scriptulrae</strong></span> <span class='ocrx_word' id='word_1_156' title='bbox 286 1364 453 1425; x_wconf 76' lang='lat' dir='ltr'><strong>auctoribus,</strong></span> <span class='ocrx_word' id='word_1_157' title='bbox 467 1362 535 1426; x_wconf 84' lang='lat' dir='ltr'><strong>apud</strong></span> <span class='ocrx_word' id='word_1_158' title='bbox 552 1364 650 1421; x_wconf 82' lang='lat' dir='ltr'><strong>Judaeos</strong></span> <span class='ocrx_word' id='word_1_159' title='bbox 667 1365 732 1411; x_wconf 89' lang='lat' dir='ltr'><strong>irre·</strong></span> <span class='ocrx_word' id='word_1_160' title='bbox 755 1365 884 1432; x_wconf 81' lang='lat' dir='ltr'><strong>quianon</strong></span> <span class='ocrx_word' id='word_1_161' title='bbox 893 1360 1205 1428; x_wconf 76' lang='lat' dir='ltr'><strong>estJ‘ustusqur&#39;squem:</strong></span> 
     </span>
     <span class='ocr_line' id='line_1_18' title="bbox 135 1431 1075 1490; baseline 0.001 -12"><span class='ocrx_word' id='word_1_162' title='bbox 135 1431 258 1490; x_wconf 79' lang='lat' dir='ltr'><strong>tragabli.</strong></span> <span class='ocrx_word' id='word_1_163' title='bbox 509 1487 512 1490; x_wconf 17' lang='lat'><strong>⁴</strong></span> <span class='ocrx_word' id='word_1_164' title='bbox 1008 1431 1013 1437; x_wconf 80' lang='grc'><strong>”</strong></span> <span class='ocrx_word' id='word_1_165' title='bbox 1054 1432 1075 1458; x_wconf 89' lang='grc'><strong>’·</strong></span> 
     </span>
     <span class='ocr_line' id='line_1_19' title="bbox 164 1498 1205 1566; baseline -0.001 -19"><span class='ocrx_word' id='word_1_166' title='bbox 164 1498 292 1560; x_wconf 87' lang='lat' dir='ltr'><strong>Scriptum</strong></span> <span class='ocrx_word' id='word_1_167' title='bbox 300 1498 488 1548; x_wconf 83' lang='lat' dir='ltr'><strong>estPs.13.Non</strong></span> <span class='ocrx_word' id='word_1_168' title='bbox 496 1501 533 1546; x_wconf 91' lang='lat' dir='ltr'><strong>est</strong></span> <span class='ocrx_word' id='word_1_169' title='bbox 540 1500 673 1560; x_wconf 79' lang='lat' dir='ltr'><strong>quisquam</strong></span> <span class='ocrx_word' id='word_1_170' title='bbox 679 1500 732 1558; x_wconf 84' lang='lat' dir='ltr'><strong>jus·</strong></span> <span class='ocrx_word' id='word_1_171' title='bbox 749 1522 752 1527; x_wconf 62' lang='lat'>&lt;</span> <span class='ocrx_word' id='word_1_172' title='bbox 788 1508 835 1557; x_wconf 78' lang='lat'><strong>11,</strong></span> <span class='ocrx_word' id='word_1_173' title='bbox 846 1500 1205 1566; x_wconf 73' lang='lat' dir='ltr'><strong>Nonestintelligens,non</strong></span> 
     </span>
     <span class='ocr_line' id='line_1_20' title="bbox 133 1565 1142 1647; baseline -0.001 -31"><span class='ocrx_word' id='word_1_174' title='bbox 133 1565 729 1630; x_wconf 73' lang='lat' dir='ltr'><strong>tus:no&#39;nestqulintelligatautrequiratlleum.</strong></span> <span class='ocrx_word' id='word_1_175' title='bbox 755 1587 797 1635; x_wconf 65' lang='lat' dir='ltr'><strong>est</strong></span> <span class='ocrx_word' id='word_1_176' title='bbox 807 1580 956 1647; x_wconf 62' lang='lat' dir='ltr'><strong>requirens</strong></span> <span class='ocrx_word' id='word_1_177' title='bbox 968 1579 1080 1630; x_wconf 54' lang='lat' dir='ltr'><strong>Deum:</strong></span> <span class='ocrx_word' id='word_1_178' title='bbox 1137 1588 1142 1595; x_wconf 94' lang='lat'>·</span> 
     </span>
    </p>
   </div>
   <div class='ocr_carea' id='block_1_5' title="bbox 134 1728 1208 3810">
    <p class='ocr_par' dir='ltr' id='par_1_5' title="bbox 134 1728 1207 2003">
     <span class='ocr_line' id='line_1_21' title="bbox 166 1728 1205 1800; baseline -0.011 -12"><span class='ocrx_word' id='word_1_179' title='bbox 166 1742 189 1788; x_wconf 85' lang='grc'><strong>8.</strong></span> <span class='ocrx_word' id='word_1_180' title='bbox 202 1741 225 1787; x_wconf 81' lang='grc'><strong>9.</strong></span> <span class='ocrx_word' id='word_1_181' title='bbox 234 1739 265 1787; x_wconf 84' lang='lat' dir='ltr'><strong>Et</strong></span> <span class='ocrx_word' id='word_1_182' title='bbox 276 1751 326 1786; x_wconf 79' lang='lat' dir='ltr'><strong>uon</strong></span> <span class='ocrx_word' id='word_1_183' title='bbox 336 1735 414 1799; x_wconf 84' lang='lat' dir='ltr'><strong>(sicut</strong></span> <span class='ocrx_word' id='word_1_184' title='bbox 427 1736 677 1799; x_wconf 83' lang='lat' dir='ltr'><strong>blasphemamur...)</strong></span> <span class='ocrx_word' id='word_1_185' title='bbox 688 1731 813 1800; x_wconf 74' lang='lat' dir='ltr'><strong>sociemus</strong></span> <span class='ocrx_word' id='word_1_186' title='bbox 824 1736 909 1792; x_wconf 82' lang='lat' dir='ltr'><strong>mule,</strong></span> <span class='ocrx_word' id='word_1_187' title='bbox 923 1733 977 1783; x_wconf 80' lang='lat' dir='ltr'><strong>imo</strong></span> <span class='ocrx_word' id='word_1_188' title='bbox 989 1733 1080 1796; x_wconf 79' lang='lat' dir='ltr'><strong>potitis</strong></span> <span class='ocrx_word' id='word_1_189' title='bbox 1095 1728 1205 1780; x_wconf 82' lang='lat' dir='ltr'><strong>socienda</strong></span> 
     </span>
     <span class='ocr_line' id='line_1_22' title="bbox 134 1798 1207 1868; baseline -0.007 -14"><span class='ocrx_word' id='word_1_190' title='bbox 134 1809 210 1856; x_wconf 88' lang='lat' dir='ltr'><strong>erunt</strong></span> <span class='ocrx_word' id='word_1_191' title='bbox 224 1804 306 1865; x_wconf 85' lang='lat' dir='ltr'><strong>mala,</strong></span> <span class='ocrx_word' id='word_1_192' title='bbox 319 1811 348 1855; x_wconf 94' lang='lat' dir='ltr'><strong>ut</strong></span> <span class='ocrx_word' id='word_1_193' title='bbox 361 1806 419 1854; x_wconf 91' lang='lat' dir='ltr'><strong>inde</strong></span> <span class='ocrx_word' id='word_1_194' title='bbox 433 1809 513 1866; x_wconf 79' lang='lat' dir='ltr'><strong>major</strong></span> <span class='ocrx_word' id='word_1_195' title='bbox 523 1806 572 1854; x_wconf 78' lang='lat' dir='ltr'><strong>lieo</strong></span> <span class='ocrx_word' id='word_1_196' title='bbox 585 1804 663 1866; x_wconf 84' lang='lat' dir='ltr'><strong>glorio</strong></span> <span class='ocrx_word' id='word_1_197' title='bbox 675 1808 815 1868; x_wconf 90' lang='lat' dir='ltr'><strong>proveniat.</strong></span> <span class='ocrx_word' id='word_1_198' title='bbox 828 1804 904 1855; x_wconf 79' lang='lat' dir='ltr'><strong>Aliud</strong></span> <span class='ocrx_word' id='word_1_199' title='bbox 919 1805 1132 1862; x_wconf 85' lang='lat' dir='ltr'><strong>inconveniens,</strong></span> <span class='ocrx_word' id='word_1_200' title='bbox 1145 1798 1207 1862; x_wconf 87' lang='lat' dir='ltr'><strong>quod</strong></span> 
     </span>
     <span class='ocr_line' id='line_1_23' title="bbox 135 1867 1206 1942; baseline -0.005 -20"><span class='ocrx_word' id='word_1_201' title='bbox 135 1873 242 1923; x_wconf 80' lang='lat' dir='ltr'><strong>insertur</strong></span> <span class='ocrx_word' id='word_1_202' title='bbox 259 1875 342 1923; x_wconf 82' lang='lat' dir='ltr'><strong>:sieut</strong></span> <span class='ocrx_word' id='word_1_203' title='bbox 360 1875 580 1942; x_wconf 78' lang='lat' dir='ltr'><strong>blasphemamur,</strong></span> <span class='ocrx_word' id='word_1_204' title='bbox 592 1875 618 1923; x_wconf 88' lang='lat' dir='ltr'><strong>id</strong></span> <span class='ocrx_word' id='word_1_205' title='bbox 632 1878 683 1936; x_wconf 85' lang='lat' dir='ltr'><strong>est,</strong></span> <span class='ocrx_word' id='word_1_206' title='bbox 695 1876 762 1923; x_wconf 89' lang='lat' dir='ltr'><strong>sicut</strong></span> <span class='ocrx_word' id='word_1_207' title='bbox 780 1887 825 1936; x_wconf 90' lang='lat' dir='ltr'><strong>per</strong></span> <span class='ocrx_word' id='word_1_208' title='bbox 842 1872 1015 1932; x_wconf 85' lang='lat' dir='ltr'><strong>calumniam,</strong></span> <span class='ocrx_word' id='word_1_209' title='bbox 1029 1870 1116 1932; x_wconf 79' lang='lat' dir='ltr'>aliqui</span> <span class='ocrx_word' id='word_1_210' title='bbox 1135 1867 1206 1918; x_wconf 80' lang='lat' dir='ltr'><strong>verba</strong></span> 
     </span>
     <span class='ocr_line' id='line_1_24' title="bbox 135 1938 1177 2003; baseline 0 -11"><span class='ocrx_word' id='word_1_211' title='bbox 135 1945 237 2003; x_wconf 83' lang='lat' dir='ltr'><strong>nostra.,&#39;</strong></span> <span class='ocrx_word' id='word_1_212' title='bbox 248 1955 300 1991; x_wconf 94' lang='lat' dir='ltr'><strong>non</strong></span> <span class='ocrx_word' id='word_1_213' title='bbox 311 1944 437 1995; x_wconf 75' lang='lat' dir='ltr'><strong>bontllde</strong></span> <span class='ocrx_word' id='word_1_214' title='bbox 450 1943 598 2003; x_wconf 85' lang='lat' dir='ltr'><strong>referentes,</strong></span> <span class='ocrx_word' id='word_1_215' title='bbox 610 1945 702 1993; x_wconf 68' lang='lat' dir='ltr'><strong>&#39;dicunt</strong></span> <span class='ocrx_word' id='word_1_216' title='bbox 714 1943 745 1991; x_wconf 92' lang='lat' dir='ltr'><strong>de</strong></span> <span class='ocrx_word' id='word_1_217' title='bbox 761 1938 842 1992; x_wconf 87' lang='lat' dir='ltr'><strong>nobis.</strong></span> <span class='ocrx_word' id='word_1_218' title='bbox 1093 1953 1113 1988; x_wconf 91' lang='grc'><strong>·.</strong></span> <span class='ocrx_word' id='word_1_219' title='bbox 1175 1950 1177 1960; x_wconf 93' lang='grc'><em>·</em></span> 
     </span>
    </p>

    <p class='ocr_par' dir='ltr' id='par_1_6' title="bbox 135 2007 1205 2352">
     <span class='ocr_line' id='line_1_25' title="bbox 166 2007 1205 2075; baseline -0.006 -15"><span class='ocrx_word' id='word_1_220' title='bbox 166 2013 278 2061; x_wconf 83' lang='lat' dir='ltr'><strong>Fortasse</strong></span> <span class='ocrx_word' id='word_1_221' title='bbox 289 2016 348 2074; x_wconf 86' lang='lat' dir='ltr'><strong>quia</strong></span> <span class='ocrx_word' id='word_1_222' title='bbox 359 2014 455 2071; x_wconf 79' lang='lat' dir='ltr'><strong>dixerat</strong></span> <span class='ocrx_word' id='word_1_223' title='bbox 467 2013 600 2075; x_wconf 73' lang='lat' dir='ltr'><strong>Apostolus</strong></span> <span class='ocrx_word' id='word_1_224' title='bbox 612 2033 618 2062; x_wconf 73' lang='grc' dir='ltr'><strong>ι</strong></span> <span class='ocrx_word' id='word_1_225' title='bbox 632 2015 677 2062; x_wconf 82' lang='lat' dir='ltr'><strong>ubi</strong></span> <span class='ocrx_word' id='word_1_226' title='bbox 688 2013 828 2071; x_wconf 79' lang='lat' dir='ltr'><strong>abundauit</strong></span> <span class='ocrx_word' id='word_1_227' title='bbox 838 2011 970 2068; x_wconf 84' lang='lat' dir='ltr'><strong>delictum,</strong></span> <span class='ocrx_word' id='word_1_228' title='bbox 985 2007 1205 2071; x_wconf 80' lang='lat' dir='ltr'><strong>superabundavit</strong></span> 
     </span>
     <span class='ocr_line' id='line_1_26' title="bbox 136 2073 1205 2143; baseline -0.007 -14"><span class='ocrx_word' id='word_1_229' title='bbox 136 2087 159 2129; x_wconf 84' lang='lat' dir='ltr'><strong>et</strong></span> <span class='ocrx_word' id='word_1_230' title='bbox 169 2082 263 2143; x_wconf 83' lang='lat' dir='ltr'><strong>pretio.</strong></span> <span class='ocrx_word' id='word_1_231' title='bbox 275 2081 401 2143; x_wconf 80' lang='lat' dir='ltr'><strong>Quidquid</strong></span> <span class='ocrx_word' id='word_1_232' title='bbox 415 2085 447 2130; x_wconf 89' lang='lat' dir='ltr'><strong>sit</strong></span> <span class='ocrx_word' id='word_1_233' title='bbox 456 2118 463 2141; x_wconf 91' lang='lat'>,</span> <span class='ocrx_word' id='word_1_234' title='bbox 471 2083 526 2131; x_wconf 82' lang='lat' dir='ltr'><strong>haec</strong></span> <span class='ocrx_word' id='word_1_235' title='bbox 538 2084 623 2131; x_wconf 87' lang='lat' dir='ltr'><strong>omnia</strong></span> <span class='ocrx_word' id='word_1_236' title='bbox 633 2082 662 2130; x_wconf 89' lang='lat' dir='ltr'><strong>b.</strong></span> <span class='ocrx_word' id='word_1_237' title='bbox 679 2080 770 2130; x_wconf 86' lang='lat' dir='ltr'><strong>Paulus</strong></span> <span class='ocrx_word' id='word_1_238' title='bbox 781 2085 904 2141; x_wconf 84' lang='lat' dir='ltr'><strong>tanquam</strong></span> <span class='ocrx_word' id='word_1_239' title='bbox 921 2081 1001 2127; x_wconf 86' lang='lat' dir='ltr'><strong>nimis</strong></span> <span class='ocrx_word' id='word_1_240' title='bbox 1018 2077 1136 2126; x_wconf 86' lang='lat' dir='ltr'><strong>absurda</strong></span> <span class='ocrx_word' id='word_1_241' title='bbox 1151 2073 1205 2124; x_wconf 87' lang='lat' dir='ltr'><strong>satis</strong></span> 
     </span>
     <span class='ocr_line' id='line_1_27' title="bbox 135 2150 1204 2213; baseline -0.006 -13"><span class='ocrx_word' id='word_1_242' title='bbox 135 2152 210 2200; x_wconf 89' lang='lat' dir='ltr'><strong>habet</strong></span> <span class='ocrx_word' id='word_1_243' title='bbox 218 2151 344 2210; x_wconf 86' lang='lat' dir='ltr'><strong>detestari,</strong></span> <span class='ocrx_word' id='word_1_244' title='bbox 353 2152 433 2209; x_wconf 78' lang='lat' dir='ltr'><strong>absit,</strong></span> <span class='ocrx_word' id='word_1_245' title='bbox 443 2153 509 2213; x_wconf 92' lang='lat' dir='ltr'><strong>quod</strong></span> <span class='ocrx_word' id='word_1_246' title='bbox 520 2153 688 2201; x_wconf 86' lang='lat' dir='ltr'><strong>abominantis</strong></span> <span class='ocrx_word' id='word_1_247' title='bbox 698 2157 744 2201; x_wconf 87' lang='lat' dir='ltr'><strong>est.</strong></span> <span class='ocrx_word' id='word_1_248' title='bbox 753 2151 861 2200; x_wconf 86' lang='lat' dir='ltr'><strong>Etbanc</strong></span> <span class='ocrx_word' id='word_1_249' title='bbox 873 2150 1034 2199; x_wconf 86' lang='lat' dir='ltr'><strong>calumniam</strong></span> <span class='ocrx_word' id='word_1_250' title='bbox 1044 2154 1204 2197; x_wconf 86' lang='lat' dir='ltr'><strong>contemnere</strong></span> 
     </span>
     <span class='ocr_line' id='line_1_28' title="bbox 136 2217 1204 2287; baseline -0.005 -19"><span class='ocrx_word' id='word_1_251' title='bbox 136 2225 162 2268; x_wconf 90' lang='lat' dir='ltr'><strong>et</strong></span> <span class='ocrx_word' id='word_1_252' title='bbox 174 2221 434 2287; x_wconf 74' lang='lat' dir='ltr'><strong>prentdiguissimam</strong></span> <span class='ocrx_word' id='word_1_253' title='bbox 447 2221 530 2270; x_wconf 91' lang='lat' dir='ltr'><strong>dicere</strong></span> <span class='ocrx_word' id='word_1_254' title='bbox 540 2240 548 2270; x_wconf 73' lang='grc' dir='ltr'><strong><em>ε</em></strong></span> <span class='ocrx_word' id='word_1_255' title='bbox 559 2235 668 2282; x_wconf 82' lang='lat' dir='ltr'><strong>querum</strong></span> <span class='ocrx_word' id='word_1_256' title='bbox 678 2222 806 2272; x_wconf 82' lang='lat' dir='ltr'><strong>damuatio</strong></span> <span class='ocrx_word' id='word_1_257' title='bbox 820 2232 951 2281; x_wconf 75' lang='lat' dir='ltr'><strong>:quorum</strong></span> <span class='ocrx_word' id='word_1_258' title='bbox 963 2217 991 2267; x_wconf 90' lang='lat' dir='ltr'><strong>id</strong></span> <span class='ocrx_word' id='word_1_259' title='bbox 1001 2221 1053 2278; x_wconf 88' lang='lat' dir='ltr'><strong>est,</strong></span> <span class='ocrx_word' id='word_1_260' title='bbox 1062 2219 1140 2268; x_wconf 88' lang='lat' dir='ltr'><strong>etita</strong></span> <span class='ocrx_word' id='word_1_261' title='bbox 1151 2227 1204 2266; x_wconf 84' lang='lat' dir='ltr'><strong>sen·</strong></span> 
     </span>
     <span class='ocr_line' id='line_1_29' title="bbox 135 2288 856 2352; baseline 0.001 -16"><span class='ocrx_word' id='word_1_262' title='bbox 135 2289 255 2341; x_wconf 85' lang='lat' dir='ltr'><strong>tlentium</strong></span> <span class='ocrx_word' id='word_1_263' title='bbox 267 2290 340 2338; x_wconf 84' lang='lat' dir='ltr'><strong>etita</strong></span> <span class='ocrx_word' id='word_1_264' title='bbox 353 2288 565 2339; x_wconf 86' lang='lat' dir='ltr'><strong>calumniantium</strong></span> <span class='ocrx_word' id='word_1_265' title='bbox 583 2291 711 2342; x_wconf 76' lang='lat' dir='ltr'><strong>dumsatio</strong></span> <span class='ocrx_word' id='word_1_266' title='bbox 726 2289 798 2352; x_wconf 76' lang='lat' dir='ltr'><strong>justo</strong></span> <span class='ocrx_word' id='word_1_267' title='bbox 813 2294 856 2338; x_wconf 82' lang='lat' dir='ltr'><strong>eet.</strong></span> 
     </span>
    </p>

    <p class='ocr_par' dir='ltr' id='par_1_7' title="bbox 135 2347 1204 2628">
     <span class='ocr_line' id='line_1_30' title="bbox 166 2347 1204 2420; baseline -0.005 -14"><span class='ocrx_word' id='word_1_268' title='bbox 166 2347 304 2418; x_wconf 84' lang='lat' dir='ltr'><strong>Notaqubd</strong></span> <span class='ocrx_word' id='word_1_269' title='bbox 313 2371 372 2407; x_wconf 90' lang='lat' dir='ltr'><strong>vera</strong></span> <span class='ocrx_word' id='word_1_270' title='bbox 383 2361 509 2420; x_wconf 86' lang='lat' dir='ltr'><strong>responsio</strong></span> <span class='ocrx_word' id='word_1_271' title='bbox 526 2359 558 2407; x_wconf 87' lang='lat' dir='ltr'><strong>ad</strong></span> <span class='ocrx_word' id='word_1_272' title='bbox 569 2358 635 2408; x_wconf 89' lang='lat' dir='ltr'><strong>haue</strong></span> <span class='ocrx_word' id='word_1_273' title='bbox 647 2359 813 2419; x_wconf 82' lang='lat' dir='ltr'><strong>objectionem</strong></span> <span class='ocrx_word' id='word_1_274' title='bbox 823 2371 850 2406; x_wconf 90' lang='lat' dir='ltr'><strong>n.</strong></span> <span class='ocrx_word' id='word_1_275' title='bbox 866 2359 890 2405; x_wconf 82' lang='lat'><strong>5.</strong></span> <span class='ocrx_word' id='word_1_276' title='bbox 905 2356 1135 2417; x_wconf 85' lang='lat' dir='ltr'><strong>inchoatam.,·sit,</strong></span> <span class='ocrx_word' id='word_1_277' title='bbox 1143 2351 1204 2416; x_wconf 89' lang='lat' dir='ltr'><strong>qudd</strong></span> 
     </span>
     <span class='ocr_line' id='line_1_31' title="bbox 136 2423 1204 2490; baseline -0.004 -14"><span class='ocrx_word' id='word_1_278' title='bbox 136 2431 270 2489; x_wconf 88' lang='lat' dir='ltr'><strong>peccatum</strong></span> <span class='ocrx_word' id='word_1_279' title='bbox 282 2440 327 2490; x_wconf 93' lang='lat' dir='ltr'><strong>per</strong></span> <span class='ocrx_word' id='word_1_280' title='bbox 344 2441 370 2477; x_wconf 95' lang='lat' dir='ltr'><strong>se</strong></span> <span class='ocrx_word' id='word_1_281' title='bbox 389 2432 413 2478; x_wconf 92' lang='lat' dir='ltr'><strong>et</strong></span> <span class='ocrx_word' id='word_1_282' title='bbox 424 2429 517 2478; x_wconf 83' lang='lat' dir='ltr'><strong>directe</strong></span> <span class='ocrx_word' id='word_1_283' title='bbox 529 2442 581 2477; x_wconf 91' lang='lat' dir='ltr'><strong>non</strong></span> <span class='ocrx_word' id='word_1_284' title='bbox 599 2428 660 2477; x_wconf 86' lang='lat' dir='ltr'><strong>lucit</strong></span> <span class='ocrx_word' id='word_1_285' title='bbox 674 2429 707 2477; x_wconf 86' lang='lat' dir='ltr'><strong>ud</strong></span> <span class='ocrx_word' id='word_1_286' title='bbox 719 2429 764 2477; x_wconf 80' lang='lat' dir='ltr'><strong>liei</strong></span> <span class='ocrx_word' id='word_1_287' title='bbox 777 2428 884 2489; x_wconf 80' lang='lat' dir='ltr'><strong>gloriam</strong></span> <span class='ocrx_word' id='word_1_288' title='bbox 902 2425 973 2490; x_wconf 84' lang='lat' dir='ltr'><strong>(imo</strong></span> <span class='ocrx_word' id='word_1_289' title='bbox 986 2439 1033 2488; x_wconf 92' lang='lat' dir='ltr'><strong>per</strong></span> <span class='ocrx_word' id='word_1_290' title='bbox 1048 2439 1078 2476; x_wconf 91' lang='lat' dir='ltr'><strong>se</strong></span> <span class='ocrx_word' id='word_1_291' title='bbox 1089 2427 1181 2476; x_wconf 74' lang='lat' dir='ltr'><strong>eremit</strong></span> <span class='ocrx_word' id='word_1_292' title='bbox 1192 2423 1204 2468; x_wconf 85' lang='grc'><strong>1</strong></span> 
     </span>
     <span class='ocr_line' id='line_1_32' title="bbox 135 2495 1204 2560; baseline -0.002 -17"><span class='ocrx_word' id='word_1_293' title='bbox 135 2495 203 2558; x_wconf 87' lang='lat' dir='ltr'><strong>beo)</strong></span> <span class='ocrx_word' id='word_1_294' title='bbox 221 2515 227 2544; x_wconf 73' lang='grc' dir='ltr'><strong>ι</strong></span> <span class='ocrx_word' id='word_1_295' title='bbox 245 2497 287 2545; x_wconf 93' lang='lat' dir='ltr'><strong>sed</strong></span> <span class='ocrx_word' id='word_1_296' title='bbox 298 2498 398 2547; x_wconf 82' lang='lat' dir='ltr'><strong>tantum</strong></span> <span class='ocrx_word' id='word_1_297' title='bbox 414 2511 458 2560; x_wconf 92' lang='lat' dir='ltr'><strong>per</strong></span> <span class='ocrx_word' id='word_1_298' title='bbox 469 2497 619 2547; x_wconf 84' lang='lat' dir='ltr'><strong>ecetdenset</strong></span> <span class='ocrx_word' id='word_1_299' title='bbox 631 2503 719 2559; x_wconf 85' lang='lat' dir='ltr'><strong>praeter</strong></span> <span class='ocrx_word' id='word_1_300' title='bbox 735 2499 902 2547; x_wconf 90' lang='lat' dir='ltr'><strong>intentionem</strong></span> <span class='ocrx_word' id='word_1_301' title='bbox 916 2498 1066 2558; x_wconf 82' lang='lat' dir='ltr'><strong>peccantis,</strong></span> <span class='ocrx_word' id='word_1_302' title='bbox 1082 2500 1204 2558; x_wconf 86' lang='lat' dir='ltr'><strong>quatenus</strong></span> 
     </span>
     <span class='ocr_line' id='line_1_33' title="bbox 137 2564 1171 2628; baseline 0.004 -16"><span class='ocrx_word' id='word_1_303' title='bbox 137 2564 203 2613; x_wconf 83' lang='lat' dir='ltr'><strong>Deus</strong></span> <span class='ocrx_word' id='word_1_304' title='bbox 218 2576 262 2625; x_wconf 88' lang='lat' dir='ltr'><strong>per</strong></span> <span class='ocrx_word' id='word_1_305' title='bbox 277 2578 348 2615; x_wconf 89' lang='lat' dir='ltr'><strong>suam</strong></span> <span class='ocrx_word' id='word_1_306' title='bbox 361 2570 499 2627; x_wconf 84' lang='lat' dir='ltr'><strong>potentiam</strong></span> <span class='ocrx_word' id='word_1_307' title='bbox 511 2572 536 2616; x_wconf 89' lang='lat' dir='ltr'><strong>et</strong></span> <span class='ocrx_word' id='word_1_308' title='bbox 545 2569 695 2628; x_wconf 84' lang='lat' dir='ltr'><strong>sapientiam</strong></span> <span class='ocrx_word' id='word_1_309' title='bbox 707 2570 756 2617; x_wconf 91' lang='lat' dir='ltr'><strong>scit</strong></span> <span class='ocrx_word' id='word_1_310' title='bbox 764 2581 795 2616; x_wconf 83' lang='lat' dir='ltr'><strong>ex</strong></span> <span class='ocrx_word' id='word_1_311' title='bbox 805 2567 881 2616; x_wconf 87' lang='lat' dir='ltr'><strong>malis</strong></span> <span class='ocrx_word' id='word_1_312' title='bbox 890 2566 984 2615; x_wconf 87' lang='lat' dir='ltr'><strong>elicere</strong></span> <span class='ocrx_word' id='word_1_313' title='bbox 996 2567 1080 2616; x_wconf 85' lang='lat' dir='ltr'><strong>bona.</strong></span> <span class='ocrx_word' id='word_1_314' title='bbox 1168 2592 1171 2601; x_wconf 41' lang='grc' dir='ltr'><strong><em>ι</em></strong></span> 
     </span>
    </p>

    <p class='ocr_par' dir='ltr' id='par_1_8' title="bbox 136 2631 1205 2832">
     <span class='ocr_line' id='line_1_34' title="bbox 166 2631 1205 2694; baseline -0.002 -14"><span class='ocrx_word' id='word_1_315' title='bbox 166 2631 229 2680; x_wconf 80' lang='lat' dir='ltr'><strong>Vera</strong></span> <span class='ocrx_word' id='word_1_316' title='bbox 253 2635 336 2694; x_wconf 86' lang='lat' dir='ltr'><strong>itaque</strong></span> <span class='ocrx_word' id='word_1_317' title='bbox 355 2647 430 2682; x_wconf 86' lang='lat' dir='ltr'><strong>causa</strong></span> <span class='ocrx_word' id='word_1_318' title='bbox 451 2633 595 2684; x_wconf 82' lang='lat' dir='ltr'><strong>illustrioris</strong></span> <span class='ocrx_word' id='word_1_319' title='bbox 607 2633 651 2682; x_wconf 90' lang='lat' dir='ltr'><strong>Dei</strong></span> <span class='ocrx_word' id='word_1_320' title='bbox 672 2633 756 2693; x_wconf 84' lang='lat' dir='ltr'><strong>gloriae</strong></span> <span class='ocrx_word' id='word_1_321' title='bbox 770 2634 807 2682; x_wconf 89' lang='lat' dir='ltr'><strong>est</strong></span> <span class='ocrx_word' id='word_1_322' title='bbox 820 2637 983 2694; x_wconf 82' lang='lat' dir='ltr'><strong>omnipotens</strong></span> <span class='ocrx_word' id='word_1_323' title='bbox 1000 2633 1049 2681; x_wconf 84' lang='lat' dir='ltr'><strong>Dei</strong></span> <span class='ocrx_word' id='word_1_324' title='bbox 1066 2635 1171 2686; x_wconf 90' lang='lat' dir='ltr'><strong>bonitus</strong></span> <span class='ocrx_word' id='word_1_325' title='bbox 1182 2633 1205 2678; x_wconf 91' lang='lat' dir='ltr'><strong>et</strong></span> 
     </span>
     <span class='ocr_line' id='line_1_35' title="bbox 136 2704 1204 2765; baseline 0.005 -13"><span class='ocrx_word' id='word_1_326' title='bbox 136 2704 275 2765; x_wconf 88' lang='lat' dir='ltr'><strong>sapientia,</strong></span> <span class='ocrx_word' id='word_1_327' title='bbox 287 2708 419 2765; x_wconf 85' lang='lat' dir='ltr'><strong>peccatum</strong></span> <span class='ocrx_word' id='word_1_328' title='bbox 431 2707 518 2752; x_wconf 89' lang='lat' dir='ltr'><strong>centra</strong></span> <span class='ocrx_word' id='word_1_329' title='bbox 527 2708 645 2753; x_wconf 82' lang='lat' dir='ltr'><strong>naturam</strong></span> <span class='ocrx_word' id='word_1_330' title='bbox 654 2715 736 2763; x_wconf 87' lang='lat' dir='ltr'><strong>suam,</strong></span> <span class='ocrx_word' id='word_1_331' title='bbox 746 2706 771 2751; x_wconf 89' lang='lat' dir='ltr'><strong>et</strong></span> <span class='ocrx_word' id='word_1_332' title='bbox 782 2707 869 2752; x_wconf 86' lang='lat' dir='ltr'><strong>eontra</strong></span> <span class='ocrx_word' id='word_1_333' title='bbox 881 2705 1013 2764; x_wconf 87' lang='lat' dir='ltr'><strong>peccantis</strong></span> <span class='ocrx_word' id='word_1_334' title='bbox 1025 2705 1204 2757; x_wconf 76' lang='lat' dir='ltr'><strong>intentionem.</strong></span> 
     </span>
     <span class='ocr_line' id='line_1_36' title="bbox 137 2770 1052 2832; baseline 0.003 -12"><span class='ocrx_word' id='word_1_335' title='bbox 137 2770 257 2820; x_wconf 88' lang='lat' dir='ltr'><strong>ordinans</strong></span> <span class='ocrx_word' id='word_1_336' title='bbox 270 2771 302 2818; x_wconf 96' lang='lat' dir='ltr'><strong>ad</strong></span> <span class='ocrx_word' id='word_1_337' title='bbox 315 2771 353 2819; x_wconf 90' lang='lat' dir='ltr'><strong>sui</strong></span> <span class='ocrx_word' id='word_1_338' title='bbox 365 2771 478 2832; x_wconf 85' lang='lat' dir='ltr'><strong>gloriam.</strong></span> <span class='ocrx_word' id='word_1_339' title='bbox 845 2815 848 2821; x_wconf 87' lang='lat'><em>.</em></span> <span class='ocrx_word' id='word_1_340' title='bbox 1048 2818 1052 2823; x_wconf 91' lang='lat'><em>.</em></span> 
     </span>
    </p>

    <p class='ocr_par' dir='ltr' id='par_1_9' title="bbox 140 2839 1205 2977">
     <span class='ocr_line' id='line_1_37' title="bbox 167 2839 1205 2904; baseline 0 -15"><span class='ocrx_word' id='word_1_341' title='bbox 167 2839 232 2889; x_wconf 84' lang='lat' dir='ltr'><strong>ilinc</strong></span> <span class='ocrx_word' id='word_1_342' title='bbox 246 2840 312 2899; x_wconf 75' lang='lat' dir='ltr'><strong>juste</strong></span> <span class='ocrx_word' id='word_1_343' title='bbox 329 2842 434 2902; x_wconf 86' lang='lat' dir='ltr'><strong>punitur</strong></span> <span class='ocrx_word' id='word_1_344' title='bbox 453 2845 568 2903; x_wconf 89' lang='lat' dir='ltr'><strong>peccator</strong></span> <span class='ocrx_word' id='word_1_345' title='bbox 578 2877 585 2900; x_wconf 92' lang='lat'>‚</span> <span class='ocrx_word' id='word_1_346' title='bbox 597 2841 642 2889; x_wconf 84' lang='lat' dir='ltr'><strong>bei</strong></span> <span class='ocrx_word' id='word_1_347' title='bbox 655 2839 742 2902; x_wconf 79' lang='lat' dir='ltr'><strong>legem</strong></span> <span class='ocrx_word' id='word_1_348' title='bbox 752 2839 851 2891; x_wconf 73' lang='lat' dir='ltr'><strong>violans</strong></span> <span class='ocrx_word' id='word_1_349' title='bbox 858 2860 867 2902; x_wconf 84' lang='lat'>;</span> <span class='ocrx_word' id='word_1_350' title='bbox 881 2840 996 2903; x_wconf 82' lang='lat' dir='ltr'><strong>binaque</strong></span> <span class='ocrx_word' id='word_1_351' title='bbox 1011 2853 1157 2904; x_wconf 83' lang='lat' dir='ltr'><strong>nunquam</strong></span> <span class='ocrx_word' id='word_1_352' title='bbox 1171 2839 1205 2889; x_wconf 83' lang='lat' dir='ltr'><strong>le-</strong></span> 
     </span>
     <span class='ocr_line' id='line_1_38' title="bbox 140 2906 1119 2977; baseline 0 -19"><span class='ocrx_word' id='word_1_353' title='bbox 140 2906 229 2958; x_wconf 85' lang='lat' dir='ltr'><strong>clenda</strong></span> <span class='ocrx_word' id='word_1_354' title='bbox 242 2907 322 2970; x_wconf 83' lang='lat' dir='ltr'><strong>mela,</strong></span> <span class='ocrx_word' id='word_1_355' title='bbox 334 2922 389 2970; x_wconf 83' lang='lat' dir='ltr'><strong>qnae</strong></span> <span class='ocrx_word' id='word_1_356' title='bbox 406 2909 450 2958; x_wconf 84' lang='lat' dir='ltr'><strong>bei</strong></span> <span class='ocrx_word' id='word_1_357' title='bbox 464 2913 523 2958; x_wconf 92' lang='lat' dir='ltr'><strong>sunt</strong></span> <span class='ocrx_word' id='word_1_358' title='bbox 542 2909 651 2958; x_wconf 76' lang='lat' dir='ltr'><strong>utiense.</strong></span> <span class='ocrx_word' id='word_1_359' title='bbox 1106 2942 1119 2977; x_wconf 56' lang='lat'><strong>·.‘</strong></span> 
     </span>
    </p>

    <p class='ocr_par' dir='ltr' id='par_1_10' title="bbox 137 2989 1206 3190">
     <span class='ocr_line' id='line_1_39' title="bbox 160 2989 1204 3053; baseline -0.005 -12"><span class='ocrx_word' id='word_1_360' title='bbox 160 2993 194 3041; x_wconf 88' lang='grc'><strong>,9.</strong></span> <span class='ocrx_word' id='word_1_361' title='bbox 211 2990 276 3048; x_wconf 82' lang='lat' dir='ltr'><strong>Quid</strong></span> <span class='ocrx_word' id='word_1_362' title='bbox 293 2991 350 3053; x_wconf 81' lang='lat' dir='ltr'><strong>erpd</strong></span> <span class='ocrx_word' id='word_1_363' title='bbox 364 2991 531 3053; x_wconf 80' lang='lat' dir='ltr'><strong>procellimur</strong></span> <span class='ocrx_word' id='word_1_364' title='bbox 544 2995 605 3040; x_wconf 74' lang='lat' dir='ltr'><strong>eos?</strong></span> <span class='ocrx_word' id='word_1_365' title='bbox 617 2991 676 3040; x_wconf 87' lang='lat' dir='ltr'><strong>Post</strong></span> <span class='ocrx_word' id='word_1_366' title='bbox 686 2991 882 3052; x_wconf 76' lang='lat' dir='ltr'><strong>digressionem,</strong></span> <span class='ocrx_word' id='word_1_367' title='bbox 894 2989 961 3038; x_wconf 91' lang='lat' dir='ltr'><strong>redit</strong></span> <span class='ocrx_word' id='word_1_368' title='bbox 972 2989 1006 3039; x_wconf 87' lang='lat' dir='ltr'><strong>ad</strong></span> <span class='ocrx_word' id='word_1_369' title='bbox 1019 2995 1185 3053; x_wconf 85' lang='lat' dir='ltr'><strong>propositum</strong></span> <span class='ocrx_word' id='word_1_370' title='bbox 1199 3007 1204 3035; x_wconf 91' lang='lat'>:</span> 
     </span>
     <span class='ocr_line' id='line_1_40' title="bbox 137 3058 1206 3122; baseline 0.003 -17"><span class='ocrx_word' id='word_1_371' title='bbox 137 3058 177 3106; x_wconf 80' lang='lat' dir='ltr'><strong>An</strong></span> <span class='ocrx_word' id='word_1_372' title='bbox 188 3060 247 3118; x_wconf 90' lang='lat' dir='ltr'><strong>quia</strong></span> <span class='ocrx_word' id='word_1_373' title='bbox 255 3059 305 3114; x_wconf 89' lang='lat' dir='ltr'><strong>dixi</strong></span> <span class='ocrx_word' id='word_1_374' title='bbox 318 3074 344 3109; x_wconf 93' lang='lat' dir='ltr'><strong>n.</strong></span> <span class='ocrx_word' id='word_1_375' title='bbox 357 3064 380 3109; x_wconf 83' lang='lat'><strong>2.</strong></span> <span class='ocrx_word' id='word_1_376' title='bbox 390 3059 499 3109; x_wconf 76' lang='lat' dir='ltr'><strong>multllm</strong></span> <span class='ocrx_word' id='word_1_377' title='bbox 508 3058 612 3109; x_wconf 82' lang='lat' dir='ltr'><strong>omnino</strong></span> <span class='ocrx_word' id='word_1_378' title='bbox 624 3062 793 3120; x_wconf 70' lang='lat' dir='ltr'><strong>praerogativae</strong></span> <span class='ocrx_word' id='word_1_379' title='bbox 802 3069 855 3108; x_wconf 90' lang='lat' dir='ltr'><strong>esse</strong></span> <span class='ocrx_word' id='word_1_380' title='bbox 868 3058 964 3108; x_wconf 81' lang='lat' dir='ltr'><strong>ludaeis</strong></span> <span class='ocrx_word' id='word_1_381' title='bbox 973 3095 980 3119; x_wconf 87' lang='lat'><em>,</em></span> <span class='ocrx_word' id='word_1_382' title='bbox 990 3061 1091 3122; x_wconf 89' lang='lat' dir='ltr'><strong>quibus</strong></span> <span class='ocrx_word' id='word_1_383' title='bbox 1103 3071 1206 3110; x_wconf 90' lang='lat' dir='ltr'><strong>concre-</strong></span> 
     </span>
     <span class='ocr_line' id='line_1_41' title="bbox 138 3127 1175 3190; baseline 0.003 -15"><span class='ocrx_word' id='word_1_384' title='bbox 138 3127 191 3176; x_wconf 83' lang='lat' dir='ltr'><strong>dita</strong></span> <span class='ocrx_word' id='word_1_385' title='bbox 202 3132 261 3176; x_wconf 90' lang='lat' dir='ltr'><strong>sunt</strong></span> <span class='ocrx_word' id='word_1_386' title='bbox 274 3128 371 3189; x_wconf 89' lang='lat' dir='ltr'><strong>eloquia</strong></span> <span class='ocrx_word' id='word_1_387' title='bbox 382 3129 441 3188; x_wconf 80' lang='lat' dir='ltr'><strong>liei,</strong></span> <span class='ocrx_word' id='word_1_388' title='bbox 452 3127 540 3176; x_wconf 82' lang='lat' dir='ltr'><strong>ideone</strong></span> <span class='ocrx_word' id='word_1_389' title='bbox 555 3141 601 3177; x_wconf 92' lang='lat' dir='ltr'><strong>nos</strong></span> <span class='ocrx_word' id='word_1_390' title='bbox 612 3128 692 3177; x_wconf 86' lang='lat' dir='ltr'><strong>Judael</strong></span> <span class='ocrx_word' id='word_1_391' title='bbox 706 3127 873 3190; x_wconf 75' lang='lat' dir='ltr'><strong>praecellimus</strong></span> <span class='ocrx_word' id='word_1_392' title='bbox 885 3127 1021 3188; x_wconf 75' lang='lat' dir='ltr'><strong>Gentiles?</strong></span> <span class='ocrx_word' id='word_1_393' title='bbox 1168 3182 1175 3189; x_wconf 65' lang='grc'><em>,</em></span> 
     </span>
    </p>

    <p class='ocr_par' dir='ltr' id='par_1_11' title="bbox 137 3194 1208 3468">
     <span class='ocr_line' id='line_1_42' title="bbox 167 3194 1208 3260; baseline 0.001 -16"><span class='ocrx_word' id='word_1_394' title='bbox 167 3194 307 3256; x_wconf 83' lang='lat' dir='ltr'><strong>Respondet</strong></span> <span class='ocrx_word' id='word_1_395' title='bbox 323 3215 330 3246; x_wconf 73' lang='lat' dir='ltr'>z</span> <span class='ocrx_word' id='word_1_396' title='bbox 349 3197 521 3258; x_wconf 83' lang='lat' dir='ltr'><strong>Nequaquam.</strong></span> <span class='ocrx_word' id='word_1_397' title='bbox 534 3196 576 3246; x_wconf 88' lang='lat' dir='ltr'><strong>Gr.</strong></span> <span class='ocrx_word' id='word_1_398' title='bbox 589 3208 641 3245; x_wconf 92' lang='lat' dir='ltr'><strong>non</strong></span> <span class='ocrx_word' id='word_1_399' title='bbox 655 3196 773 3256; x_wconf 84' lang='lat' dir='ltr'><strong>omuino,</strong></span> <span class='ocrx_word' id='word_1_400' title='bbox 792 3201 817 3244; x_wconf 95' lang='lat' dir='ltr'><strong>et</strong></span> <span class='ocrx_word' id='word_1_401' title='bbox 837 3198 864 3245; x_wconf 90' lang='lat' dir='ltr'><strong>in</strong></span> <span class='ocrx_word' id='word_1_402' title='bbox 879 3197 928 3246; x_wconf 93' lang='lat' dir='ltr'><strong>hoe</strong></span> <span class='ocrx_word' id='word_1_403' title='bbox 947 3197 1091 3260; x_wconf 79' lang='lat' dir='ltr'><strong>Apostolus</strong></span> <span class='ocrx_word' id='word_1_404' title='bbox 1104 3212 1159 3248; x_wconf 93' lang='lat' dir='ltr'><strong>non</strong></span> <span class='ocrx_word' id='word_1_405' title='bbox 1174 3200 1208 3247; x_wconf 92' lang='lat' dir='ltr'><strong>est</strong></span> 
     </span>
     <span class='ocr_line' id='line_1_43' title="bbox 137 3262 1208 3326; baseline 0.005 -15"><span class='ocrx_word' id='word_1_406' title='bbox 137 3263 185 3312; x_wconf 89' lang='lat' dir='ltr'><strong>sibi</strong></span> <span class='ocrx_word' id='word_1_407' title='bbox 196 3266 337 3314; x_wconf 83' lang='lat' dir='ltr'><strong>contrarius</strong></span> <span class='ocrx_word' id='word_1_408' title='bbox 352 3283 358 3313; x_wconf 76' lang='lat' dir='ltr'><strong>r</strong></span> <span class='ocrx_word' id='word_1_409' title='bbox 371 3265 431 3326; x_wconf 88' lang='lat' dir='ltr'><strong>quia</strong></span> <span class='ocrx_word' id='word_1_410' title='bbox 444 3263 511 3325; x_wconf 91' lang='lat' dir='ltr'><strong>quod</strong></span> <span class='ocrx_word' id='word_1_411' title='bbox 527 3262 590 3312; x_wconf 80' lang='lat' dir='ltr'><strong>dixit</strong></span> <span class='ocrx_word' id='word_1_412' title='bbox 602 3263 633 3312; x_wconf 92' lang='lat' dir='ltr'><strong>de</strong></span> <span class='ocrx_word' id='word_1_413' title='bbox 648 3263 792 3314; x_wconf 72' lang='lat' dir='ltr'><strong>ludaeorum</strong></span> <span class='ocrx_word' id='word_1_414' title='bbox 803 3263 968 3325; x_wconf 85' lang='lat' dir='ltr'><strong>excellentia,</strong></span> <span class='ocrx_word' id='word_1_415' title='bbox 982 3266 1116 3323; x_wconf 73' lang='lat' dir='ltr'><strong>intellexit</strong></span> <span class='ocrx_word' id='word_1_416' title='bbox 1126 3267 1159 3318; x_wconf 87' lang='lat' dir='ltr'><strong>de</strong></span> <span class='ocrx_word' id='word_1_417' title='bbox 1168 3266 1208 3316; x_wconf 83' lang='lat' dir='ltr'><strong>be</strong></span> 
     </span>
     <span class='ocr_line' id='line_1_44' title="bbox 138 3328 1208 3398; baseline 0.004 -18"><span class='ocrx_word' id='word_1_418' title='bbox 138 3328 235 3381; x_wconf 79' lang='lat' dir='ltr'><strong>noticiis</strong></span> <span class='ocrx_word' id='word_1_419' title='bbox 252 3335 374 3395; x_wconf 88' lang='lat' dir='ltr'><strong>externis,</strong></span> <span class='ocrx_word' id='word_1_420' title='bbox 386 3332 417 3382; x_wconf 93' lang='lat' dir='ltr'><strong>de</strong></span> <span class='ocrx_word' id='word_1_421' title='bbox 434 3332 502 3395; x_wconf 80' lang='lat' dir='ltr'><strong>lege,</strong></span> <span class='ocrx_word' id='word_1_422' title='bbox 514 3331 545 3381; x_wconf 90' lang='lat' dir='ltr'><strong>de</strong></span> <span class='ocrx_word' id='word_1_423' title='bbox 558 3331 709 3394; x_wconf 89' lang='lat' dir='ltr'><strong>Scripturis‚</strong></span> <span class='ocrx_word' id='word_1_424' title='bbox 722 3337 770 3382; x_wconf 84' lang='lat' dir='ltr'><strong>ete.</strong></span> <span class='ocrx_word' id='word_1_425' title='bbox 783 3332 854 3392; x_wconf 83' lang='lat' dir='ltr'><strong>Quod</strong></span> <span class='ocrx_word' id='word_1_426' title='bbox 869 3332 957 3382; x_wconf 81' lang='lat' dir='ltr'><strong>autern</strong></span> <span class='ocrx_word' id='word_1_427' title='bbox 972 3341 1052 3396; x_wconf 84' lang='lat' dir='ltr'><strong>negat</strong></span> <span class='ocrx_word' id='word_1_428' title='bbox 1064 3351 1156 3398; x_wconf 86' lang='lat' dir='ltr'><strong>nune,</strong></span> <span class='ocrx_word' id='word_1_429' title='bbox 1171 3337 1208 3385; x_wconf 90' lang='lat' dir='ltr'><strong>iu·</strong></span> 
     </span>
     <span class='ocr_line' id='line_1_45' title="bbox 148 3398 1100 3468; baseline 0.009 -20"><span class='ocrx_word' id='word_1_430' title='bbox 148 3398 226 3461; x_wconf 75' lang='lat' dir='ltr'><strong>elligit</strong></span> <span class='ocrx_word' id='word_1_431' title='bbox 237 3399 267 3450; x_wconf 88' lang='lat' dir='ltr'><strong>de</strong></span> <span class='ocrx_word' id='word_1_432' title='bbox 276 3414 335 3451; x_wconf 86' lang='lat' dir='ltr'><strong>vere</strong></span> <span class='ocrx_word' id='word_1_433' title='bbox 344 3405 457 3463; x_wconf 85' lang='lat' dir='ltr'><strong>justitia,</strong></span> <span class='ocrx_word' id='word_1_434' title='bbox 472 3402 487 3450; x_wconf 81' lang='lat' dir='ltr'><strong>a</strong></span> <span class='ocrx_word' id='word_1_435' title='bbox 502 3414 552 3468; x_wconf 80' lang='lat' dir='ltr'><strong>qua</strong></span> <span class='ocrx_word' id='word_1_436' title='bbox 563 3401 670 3464; x_wconf 89' lang='lat' dir='ltr'><strong>petenda</strong></span> <span class='ocrx_word' id='word_1_437' title='bbox 682 3407 720 3452; x_wconf 89' lang='lat' dir='ltr'><strong>est</strong></span> <span class='ocrx_word' id='word_1_438' title='bbox 730 3414 789 3451; x_wconf 82' lang='lat' dir='ltr'><strong>veru</strong></span> <span class='ocrx_word' id='word_1_439' title='bbox 805 3403 917 3452; x_wconf 90' lang='lat' dir='ltr'><strong>bominis</strong></span> <span class='ocrx_word' id='word_1_440' title='bbox 933 3403 1100 3459; x_wconf 83' lang='lat' dir='ltr'><strong>excellentie.</strong></span> 
     </span>
    </p>

    <p class='ocr_par' dir='ltr' id='par_1_12' title="bbox 137 3467 1208 3605">
     <span class='ocr_line' id='line_1_46' title="bbox 170 3467 1208 3535; baseline 0.004 -15"><span class='ocrx_word' id='word_1_441' title='bbox 170 3469 272 3520; x_wconf 71' lang='lat' dir='ltr'><strong>mesco</strong></span> <span class='ocrx_word' id='word_1_442' title='bbox 286 3471 351 3519; x_wconf 85' lang='lat' dir='ltr'><strong>euim</strong></span> <span class='ocrx_word' id='word_1_443' title='bbox 363 3467 460 3520; x_wconf 81' lang='lat' dir='ltr'><strong>sumus.</strong></span> <span class='ocrx_word' id='word_1_444' title='bbox 475 3470 518 3521; x_wconf 85' lang='lat' dir='ltr'><strong>Gr.</strong></span> <span class='ocrx_word' id='word_1_445' title='bbox 534 3473 682 3534; x_wconf 83' lang='lat' dir='ltr'><strong>praecausati</strong></span> <span class='ocrx_word' id='word_1_446' title='bbox 697 3483 786 3522; x_wconf 87' lang='lat' dir='ltr'><strong>sumus</strong></span> <span class='ocrx_word' id='word_1_447' title='bbox 802 3475 881 3522; x_wconf 88' lang='lat' dir='ltr'><strong>enim.</strong></span> <span class='ocrx_word' id='word_1_448' title='bbox 900 3472 958 3535; x_wconf 83' lang='lat' dir='ltr'><strong>Syr.</strong></span> <span class='ocrx_word' id='word_1_449' title='bbox 975 3476 1033 3534; x_wconf 87' lang='lat' dir='ltr'><strong>jam</strong></span> <span class='ocrx_word' id='word_1_450' title='bbox 1049 3481 1115 3526; x_wconf 84' lang='lat' dir='ltr'><strong>ante</strong></span> <span class='ocrx_word' id='word_1_451' title='bbox 1127 3475 1208 3526; x_wconf 88' lang='lat' dir='ltr'><strong>deter-</strong></span> 
     </span>
     <span class='ocr_line' id='line_1_47' title="bbox 137 3539 1099 3605; baseline 0.008 -19"><span class='ocrx_word' id='word_1_452' title='bbox 137 3539 292 3588; x_wconf 85' lang='lat' dir='ltr'><strong>minavimus</strong></span> <span class='ocrx_word' id='word_1_453' title='bbox 304 3540 435 3590; x_wconf 73' lang='lat' dir='ltr'><strong>deluderis</strong></span> <span class='ocrx_word' id='word_1_454' title='bbox 446 3544 471 3590; x_wconf 90' lang='lat' dir='ltr'><strong>et</strong></span> <span class='ocrx_word' id='word_1_455' title='bbox 486 3539 626 3592; x_wconf 85' lang='lat' dir='ltr'><strong>Gentilibus</strong></span> <span class='ocrx_word' id='word_1_456' title='bbox 642 3553 729 3591; x_wconf 89' lang='lat' dir='ltr'><strong>omnes</strong></span> <span class='ocrx_word' id='word_1_457' title='bbox 742 3555 795 3591; x_wconf 92' lang='lat' dir='ltr'><strong>esse</strong></span> <span class='ocrx_word' id='word_1_458' title='bbox 807 3543 853 3593; x_wconf 90' lang='lat' dir='ltr'><strong>sub</strong></span> <span class='ocrx_word' id='word_1_459' title='bbox 865 3548 980 3605; x_wconf 84' lang='lat' dir='ltr'><strong>peccato.</strong></span> <span class='ocrx_word' id='word_1_460' title='bbox 1095 3598 1099 3603; x_wconf 91' lang='lat'><em>.</em></span> 
     </span>
    </p>

    <p class='ocr_par' dir='ltr' id='par_1_13' title="bbox 139 3607 1208 3810">
     <span class='ocr_line' id='line_1_48' title="bbox 168 3607 1208 3677; baseline 0.006 -21"><span class='ocrx_word' id='word_1_461' title='bbox 168 3607 257 3657; x_wconf 89' lang='lat' dir='ltr'><strong>Probat</strong></span> <span class='ocrx_word' id='word_1_462' title='bbox 270 3621 321 3658; x_wconf 91' lang='lat' dir='ltr'><strong>non</strong></span> <span class='ocrx_word' id='word_1_463' title='bbox 333 3609 388 3659; x_wconf 85' lang='lat' dir='ltr'><strong>ideo</strong></span> <span class='ocrx_word' id='word_1_464' title='bbox 399 3610 540 3672; x_wconf 84' lang='lat' dir='ltr'><strong>praecellere</strong></span> <span class='ocrx_word' id='word_1_465' title='bbox 555 3610 654 3670; x_wconf 76' lang='lat' dir='ltr'><strong>ludaeos</strong></span> <span class='ocrx_word' id='word_1_466' title='bbox 662 3629 669 3670; x_wconf 86' lang='lat'>;</span> <span class='ocrx_word' id='word_1_467' title='bbox 683 3612 742 3672; x_wconf 90' lang='lat' dir='ltr'><strong>qula</strong></span> <span class='ocrx_word' id='word_1_468' title='bbox 758 3625 814 3674; x_wconf 86' lang='lat' dir='ltr'><strong>cap.</strong></span> <span class='ocrx_word' id='word_1_469' title='bbox 829 3615 838 3660; x_wconf 94' lang='grc'><strong>1</strong></span> <span class='ocrx_word' id='word_1_470' title='bbox 853 3615 878 3661; x_wconf 94' lang='lat' dir='ltr'><strong>et</strong></span> <span class='ocrx_word' id='word_1_471' title='bbox 892 3615 915 3677; x_wconf 69' lang='lat'><strong>².-</strong></span> <span class='ocrx_word' id='word_1_472' title='bbox 930 3612 989 3662; x_wconf 79' lang='lat' dir='ltr'><strong>tam</strong></span> <span class='ocrx_word' id='word_1_473' title='bbox 1003 3616 1172 3677; x_wconf 82' lang='lat' dir='ltr'><strong>ostendimus</strong></span> <span class='ocrx_word' id='word_1_474' title='bbox 1181 3618 1208 3668; x_wconf 74' lang='lat' dir='ltr'><strong>,ei</strong></span> 
     </span>
     <span class='ocr_line' id='line_1_49' title="bbox 139 3673 1208 3748; baseline 0.007 -24"><span class='ocrx_word' id='word_1_475' title='bbox 139 3673 237 3727; x_wconf 78' lang='lat' dir='ltr'><strong>Iudoeos</strong></span> <span class='ocrx_word' id='word_1_476' title='bbox 249 3681 274 3725; x_wconf 92' lang='lat' dir='ltr'><strong>et</strong></span> <span class='ocrx_word' id='word_1_477' title='bbox 284 3676 382 3727; x_wconf 78' lang='lat' dir='ltr'><strong>Graecos</strong></span> <span class='ocrx_word' id='word_1_478' title='bbox 396 3691 448 3729; x_wconf 92' lang='lat' dir='ltr'><strong>esse</strong></span> <span class='ocrx_word' id='word_1_479' title='bbox 459 3682 669 3742; x_wconf 89' lang='lat' dir='ltr'><strong>peccatores‚seu</strong></span> <span class='ocrx_word' id='word_1_480' title='bbox 679 3680 725 3728; x_wconf 91' lang='lat' dir='ltr'><strong>sub</strong></span> <span class='ocrx_word' id='word_1_481' title='bbox 736 3682 795 3742; x_wconf 84' lang='lat' dir='ltr'><strong>jugo</strong></span> <span class='ocrx_word' id='word_1_482' title='bbox 806 3683 917 3745; x_wconf 78' lang='lat' dir='ltr'><strong>peecat13</strong></span> <span class='ocrx_word' id='word_1_483' title='bbox 928 3682 973 3732; x_wconf 90' lang='lat' dir='ltr'><strong>ubi</strong></span> <span class='ocrx_word' id='word_1_484' title='bbox 985 3687 1024 3733; x_wconf 89' lang='lat' dir='ltr'><strong>est</strong></span> <span class='ocrx_word' id='word_1_485' title='bbox 1036 3686 1208 3748; x_wconf 75' lang='lat' dir='ltr'><strong>prpeeellentia</strong></span> 
     </span>
     <span class='ocr_line' id='line_1_50' title="bbox 139 3746 1081 3810; baseline 0.012 -19"><span class='ocrx_word' id='word_1_486' title='bbox 139 3746 238 3793; x_wconf 78' lang='lat' dir='ltr'><strong>restrui</strong></span> <span class='ocrx_word' id='word_1_487' title='bbox 249 3746 315 3793; x_wconf 88' lang='lat' dir='ltr'><strong>sicut</strong></span> <span class='ocrx_word' id='word_1_488' title='bbox 326 3759 353 3794; x_wconf 87' lang='lat' dir='ltr'><strong>n.</strong></span> <span class='ocrx_word' id='word_1_489' title='bbox 364 3748 404 3796; x_wconf 81' lang='lat'><strong>27.</strong></span> <span class='ocrx_word' id='word_1_490' title='bbox 417 3748 462 3803; x_wconf 72' lang='lat' dir='ltr'><strong>libi</strong></span> <span class='ocrx_word' id='word_1_491' title='bbox 474 3753 508 3796; x_wconf 82' lang='lat' dir='ltr'><strong>est</strong></span> <span class='ocrx_word' id='word_1_492' title='bbox 519 3761 576 3809; x_wconf 84' lang='lat' dir='ltr'><strong>erpo</strong></span> <span class='ocrx_word' id='word_1_493' title='bbox 588 3747 707 3810; x_wconf 77' lang='lat' dir='ltr'><strong>ploriutio</strong></span> <span class='ocrx_word' id='word_1_494' title='bbox 723 3753 785 3799; x_wconf 84' lang='lat' dir='ltr'><strong>tue?</strong></span> <span class='ocrx_word' id='word_1_495' title='bbox 1079 3758 1081 3762; x_wconf 81' lang='grc'><strong>“</strong></span> 
     </span>
    </p>
   </div>
   <div class='ocr_carea' id='block_1_6' title="bbox 172 3825 1206 3974">
    <p class='ocr_par' dir='ltr' id='par_1_14' title="bbox 172 3825 1206 3974">
     <span class='ocr_line' id='line_1_51' title="bbox 172 3825 1206 3901; baseline 0.012 -29"><span class='ocrx_word' id='word_1_496' title='bbox 172 3828 214 3874; x_wconf 87' lang='grc'><strong>10.</strong></span> <span class='ocrx_word' id='word_1_497' title='bbox 226 3825 432 3888; x_wconf 81' lang='lat' dir='ltr'><strong>Sicut-scriptum</strong></span> <span class='ocrx_word' id='word_1_498' title='bbox 445 3833 479 3877; x_wconf 83' lang='lat' dir='ltr'><strong>est</strong></span> <span class='ocrx_word' id='word_1_499' title='bbox 494 3848 502 3877; x_wconf 91' lang='lat'><strong>.·</strong></span> <span class='ocrx_word' id='word_1_500' title='bbox 517 3828 641 3889; x_wconf 77' lang='lat' dir='ltr'><strong>quieuere</strong></span> <span class='ocrx_word' id='word_1_501' title='bbox 652 3833 686 3877; x_wconf 85' lang='lat' dir='ltr'><strong>eet</strong></span> <span class='ocrx_word' id='word_1_502' title='bbox 698 3828 782 3891; x_wconf 76' lang='lat' dir='ltr'><strong>justus</strong></span> <span class='ocrx_word' id='word_1_503' title='bbox 792 3831 944 3896; x_wconf 80' lang='lat' dir='ltr'><strong>quisquam.</strong></span> <span class='ocrx_word' id='word_1_504' title='bbox 959 3833 1004 3884; x_wconf 85' lang='lat' dir='ltr'><strong>Gr.</strong></span> <span class='ocrx_word' id='word_1_505' title='bbox 1024 3836 1117 3901; x_wconf 89' lang='lat' dir='ltr'><strong>Neque</strong></span> <span class='ocrx_word' id='word_1_506' title='bbox 1131 3832 1206 3889; x_wconf 79' lang='lat' dir='ltr'><strong>uuus.</strong></span> 
     </span>
     <span class='ocr_line' id='line_1_52' title="bbox 174 3908 755 3974; baseline 0.012 -19"><span class='ocrx_word' id='word_1_507' title='bbox 174 3910 212 3956; x_wconf 94' lang='grc'><strong>11.</strong></span> <span class='ocrx_word' id='word_1_508' title='bbox 224 3909 261 3956; x_wconf 82' lang='lat'><strong>12.</strong></span> <span class='ocrx_word' id='word_1_509' title='bbox 276 3910 315 3957; x_wconf 80' lang='lat' dir='ltr'><strong>ib.</strong></span> <span class='ocrx_word' id='word_1_510' title='bbox 328 3908 364 3956; x_wconf 84' lang='lat' dir='ltr'><strong>tl.</strong></span> <span class='ocrx_word' id='word_1_511' title='bbox 378 3909 416 3958; x_wconf 79' lang='lat' dir='ltr'><strong>tt.</strong></span> <span class='ocrx_word' id='word_1_512' title='bbox 428 3911 466 3959; x_wconf 81' lang='lat' dir='ltr'><strong>tc.</strong></span> <span class='ocrx_word' id='word_1_513' title='bbox 479 3913 516 3960; x_wconf 83' lang='grc'><strong>11.</strong></span> <span class='ocrx_word' id='word_1_514' title='bbox 531 3911 567 3960; x_wconf 82' lang='lat'><strong>18.</strong></span> <span class='ocrx_word' id='word_1_515' title='bbox 579 3909 640 3960; x_wconf 77' lang='lat' dir='ltr'><strong>vide</strong></span> <span class='ocrx_word' id='word_1_516' title='bbox 651 3911 755 3974; x_wconf 82' lang='lat' dir='ltr'><strong>pampo.</strong></span> 
     </span>
    </p>
   </div>
   <div class='ocr_carea' id='block_1_7' title="bbox 0 0 1274 4440">
    <p class='ocr_par' dir='ltr' id='par_1_15' title="bbox 0 0 1274 4440">
     <span class='ocr_line' id='line_1_53' title="bbox 0 0 1274 4440; baseline 0 0"><span class='ocrx_word' id='word_1_517' title='bbox 0 0 1274 4440; x_wconf 95' lang='lat' dir='ltr'><strong> </strong></span> 
     </span>
    </p>
   </div>
  </div>
 </body>
</html>
