2520 4440
102 244 152 291 sit
291 242 420 292 PRIMAE
439 241 643 294 EPISTOLAE
663 242 712 292 ΑΙ)
730 238 973 292 CORINTHIOS

130 335 181 396 Ego
194 337 271 395 igitur
283 334 634 396 inEvangelicostadlosicut
647 337 697 383 sia·
753 337 798 386 26.
814 337 871 400 Ego
895 333 980 399 igitur
1002 331 1041 384 sic
1061 345 1137 388 curro.

100 403 244 452 diodromus
256 405 325 453 recta
337 415 426 464 curro,
436 407 539 466 totoque
552 405 610 453 nisu
621 402 697 451 tendo
720 426 777 464 110st
797 412 878 478 quasi
899 410 937 462 in.
951 410 1082 463 incertum
1094 428 1099 461 :
1110 410 1139 460 sie

100 473 131 521 ad
143 473 294 522 destinatam
311 476 421 553 metam!
436 477 465 521 ut
480 473 591 536 palmam
609 485 698 535 appl'e·
720 503 828 556 pugno,
839 502 898 542 non
908 488 989 554 quasi
999 501 1087 540 aerem
1095 500 1140 538 ves.

100 541 210 591 bendum
224 560 230 588 ι
246 543 314 592 sicut
324 539 395 604 pugll
406 555 433 591 vn
448 540 577 602 Evangelii
590 541 697 604 palestra

99 621 198 670 pugno,
211 620 263 658 non
276 610 386 657 inaniter
399 620 483 657 aerem
496 608 631 656 verberans
643 627 650 656 ι
1194 654 1196 675 Ι

130 676 178 725 Sed
195 679 269 725 certis
289 681 315 725 at
334 676 467 725 destinatis
488 675 581 725 lctibus
607 687 698 738 corpus
754 677 799 727 dl.
834 673 890 727 Sed
923 674 1028 739 castigo
1061 684 1142 736 corpus
1194 702 1196 707 ·

99 757 200 804 meum,
218 745 322 808 spiritis
335 746 386 793 mel
400 743 590 805 adversarium,
605 745 698 794 obtnn-
721 767 830 816 meum,
845 758 872 804 et
890 751 919 803 jn
938 750 1092 803 servimen]
1108 763 1142 799 Μ.
1194 764 1196 769 -

100 815 131 862 do
143 833 150 872 ;
161 815 309 875 victumque
326 824 357 862 ac
374 812 513 860 edomitum
523 849 530 871 ,
542 825 588 874 ago
603 816 631 861 ut
647 825 698 862 ser-
721 830 799 896 (5303
813 842 848 880 ne
860 827 933 880 forst-3
945 825 1010 879 epm
1022 827 1144 891 apispfae.

720 566 821 617 berans
837 581 844 617 z

102 1008 202 1067 vimque
213 1007 286 1056 nobis
294 1005 432 1065 metemus,
446 1009 475 1054 ut
485 1004 569 1066 aliqua
579 1042 585 1064 ‚
595 1007 710 1066 quamvis
722 1005 991 1068 difficilia,operemur
1002 1003 1035 1052 ad
1044 1007 1145 1061 nusum,

102 1077 124 1122 et
137 1073 246 1123 aliorum
259 1073 376 1123 salutem.

129 1143 238 1193 llultdm
251 1144 335 1205 dispar
347 1142 443 1191 donum
462 1146 513 1203 est,
527 1145 564 1191 ait
577 1143 723 1192 Ambrosius
739 1163 745 1192 ι
760 1157 790 1193 ao
805 1155 850 1204 per
867 1143 917 1192 hoo
929 1140 986 1192 vult
1000 1141 1147 1203 diligentiores

98 1225 151 1262 non
164 1225 218 1262 asse
229 1212 327 1272 debere,
336 1211 428 1273 quibus
439 1223 491 1259 non
503 1213 610 1260 terrenis
622 1215 647 1259 et
656 1212 872 1261 marcescibilibus
882 1211 1005 1271 floribus,
1015 1211 1059 1260 sed
1066 1211 1148 1260 eternis

99 1286 214 1332 conserta
225 1284 346 1343 gemmis,
359 1282 386 1329 in
399 1280 504 1329 modum
514 1275 603 1342 regalis
614 1279 778 1342 diadematis,
788 1279 927 1344 spiritualis
939 1293 1035 1330 corona
1044 1283 1148 1339 servatur.

99 1352 255 1401 Ambrosius.

129 1418 217 1467 Modus
228 1420 313 1479 itaque
325 1431 375 1480 quo
388 1420 513 1480 possimus
525 1417 593 1468 hanc
607 1418 793 1480 apprehendere
805 1430 943 1477 coronam,
956 1422 994 1468 est
1006 1420 1028 1468 si
1041 1418 1150 1467 abstiner-

101 1500 171 1546 mns,
184 1489 205 1536 si
216 1489 269 1536 vim
280 1487 352 1536 nobis
364 1486 500 1545 iaciamus,
513 1488 534 1535 si
548 1499 578 1535 ex
592 1486 713 1537 charitate
724 1488 897 1549 proximorum
913 1487 992 1537 saluti
1006 1488 1150 1546 studeamus,

100 1555 179 1617 eoque
190 1556 322 1615 libentiae,
334 1554 384 1616 quo
396 1555 525 1616 gloriosior
537 1556 609 1605 nobis
621 1569 713 1606 corona
725 1559 884 1619 proponitur.

131 1641 171 1689 26.
188 1641 241 1701 Epo
252 1639 334 1700 igitur
344 1640 380 1688 sic
399 1653 503 1688 carro...
516 1639 612 1688 Rursus
623 1652 650 1689 so
664 1642 690 1689 in
701 1638 844 1702 exemplum
855 1642 995 1702 proponit,
1011 1644 1037 1690 et
1057 1638 1152 1702 exemplo

101 1722 147 1758 suo
158 1710 264 1758 modum
276 1708 394 1759 currendi
409 1709 480 1759 docet
491 1712 517 1757 et
527 1709 665 1770 pugnandi.

131 1777 336 1838 stadiodromus,
348 1791 393 1827 seu
404 1791 480 1827 cursu
495 1782 595 1827 certans
608 1780 635 1827 in
651 1779 746 1839 stadio,
760 1781 805 1839 orvi
820 1777 876 1826 vult
891 1777 1015 1826 bravium
1027 1781 1153 1840 reportare,

101 1861 153 1897 non
167 1848 269 1897 divertit
288 1849 316 1896 in
335 1861 411 1898 cursu
422 1885 430 1907 ,
443 1849 515 1908 quasi
531 1849 574 1908 qui
593 1847 694 1898 nullum
711 1860 817 1910 scopum
836 1847 930 1906 habet,
944 1847 987 1895 sed
1005 1849 1074 1897 recta
1088 1848 1155 1896 currit

101 1918 134 1966 ad
149 1922 242 1967 metam
256 1917 423 1977 destinatam,
436 1921 465 1965 ut
481 1917 516 1966 ibi
529 1929 649 1965 coronam
667 1929 697 1966 ex
715 1917 781 1966 edito
798 1927 951 1978 appensum,
968 1920 996 1965 et
1013 1915 1155 1965 costantinus

101 1989 268 2050 propositam,
280 1986 405 2035 currendo
417 1986 535 2035 manibus
547 1986 727 2048 apprehendat.
1037 2014 1039 2018 ν

132 2063 186 2123 Epo
195 2061 277 2124 igitur
290 2072 361 2109 more
371 2059 600 2109 stadiodromorum
614 2060 651 2109 ric
663 2073 737 2110 curro
753 2061 780 2108 in
793 2057 945 2119 Euangeliou
957 2061 1108 2119 ministerio,
1116 2073 1156 2107 noa

101 2133 128 2178 io
142 2132 277 2187 incertam,
288 2129 339 2178 buo
351 2132 377 2177 et
388 2128 459 2190 illuc,
468 2131 495 2178 in
511 2128 650 2190 quamlibet
663 2132 770 2190 partem,
781 2128 824 2177 sed
836 2129 919 2188 recta,
932 2128 1060 2190 celeriter,
1067 2134 1156 2188 totoque

102 2201 160 2248 nisu
174 2198 278 2249 tondens
289 2196 322 2246 ad
337 2209 458 2260 scopum,
473 2202 501 2247 ut
515 2209 635 2246 coronam
649 2199 785 2259 expositam
798 2196 999 2258 apprehendam.

134 2278 176 2326 Sic
186 2289 287 2339 pugno,
299 2287 349 2324 aon
359 2274 433 2336 quasi
444 2287 527 2323 aeram
539 2273 681 2324 verberans.
689 2273 732 2324 Gr.
743 2276 861 2333 πυκτεύω,
871 2273 966 2334 pugnis
978 2285 1036 2335 ago,
1046 2270 1156 2337 pugdlum

101 2359 172 2396 moro
185 2346 294 2394 decreto.

131 2414 235 2476 Pyctes,
247 2426 292 2462 sen
305 2413 388 2475 pugil,
402 2425 487 2464 aerem
505 2427 571 2477 sape
589 2415 703 2465 verberat
720 2417 791 2464 inani
810 2416 878 2474 ictu,
895 2416 922 2462 et
940 2414 1044 2464 incasso
1059 2415 1155 2468 conata,

101 2494 177 2543 quem
190 2484 254 2530 vitat
267 2481 433 2532 adversarius.
953 2482 970 2507 '⁹

131 2551 186 2600 Non
198 2553 234 2600 slo
248 2563 292 2612 ego
309 2564 393 2614 pugno
409 2553 436 2600 in
455 2552 584 2613 Evangelii
597 2552 732 2615 palaestra,
750 2564 801 2601 non
816 2553 927 2601 inaniter·
943 2563 1032 2601 acrem
1050 2551 1155 2608 verbero;

101 2632 153 2669 non
164 2619 274 2679 temere,
291 2620 476 2669 inconsiderato
491 2633 591 2683 pugno,
606 2622 650 2671 sed
670 2623 745 2670 certis
762 2627 788 2668 et
804 2619 936 2670 destinatis
957 2620 1053 2669 lctibus
1071 2618 1157 2669 bostem

101 2702 188 2739 meum
204 2689 274 2739 ferio.
289 2690 381 2751 Ecquis
395 2689 455 2738 lllet'
471 2704 562 2752 eorpus
578 2705 670 2740 meam.

131 2775 171 2822 2⁷.
185 2773 233 2822 Sed
251 2773 344 2833 castigo
357 2785 448 2834 corpur
463 2786 555 2821 meum.
573 2771 615 2821 Gr.
636 2772 763 2831 obtundo,
779 2771 886 2821 lividum
909 2771 986 2821 facio.
1008 2773 1058 2822 Sed
1078 2783 1157 2832 corpur

101 2856 197 2899 meam,
214 2842 318 2903 spiritus
334 2841 523 2901 adversarium,
540 2842 649 2902 castigo,
665 2842 791 2901 obtundo,
811 2842 904 2891 ictibus
918 2842 1030 2891 lividum
1045 2842 1122 2902 iacio,
1136 2839 1156 2888 id

102 2914 154 2968 est,
166 2908 256 2960 multis
266 2910 433 2959 incommodis
447 2910 544 2970 aillcio,
558 2909 641 2959 labore
656 2923 781 2959 mannum
791 2948 798 2971 ,
809 2910 891 2970 fame,
903 2912 963 2971 siti,
980 2915 1041 2985 ete,

135 2995 164 3041 lit
176 2994 204 3042 io
216 2994 359 3042 cavitatem
374 2994 477 3056 redigo,
490 2997 519 3042 ut
530 3005 631 3042 servum
645 3005 706 3054 ago,
718 3005 748 3042 ao
761 2993 826 3042 mibi
839 2992 986 3053 subjeetum
997 2999 1082 3044 teneo.

132 3061 202 3124 Pugll
215 3065 296 3111 vietor
311 3060 484 3111 adversarium
496 3064 592 3112 victum
603 3059 734 3122 trahebat,
746 3066 776 3111 ut
789 3074 891 3112 servum
898 3081 908 3123 ς
924 3065 961 3112 lta
973 3063 1069 3114 Paulus
1080 3064 1109 3113 de
1120 3072 1155 3111 suo

103 3143 205 3192 corpore
218 3133 284 3180 victo
296 3135 321 3180 et
333 3131 443 3180 edomito
458 3130 639 3193 triumphabat.

133 3199 228 3260 Corpus
244 3211 297 3247 esse
309 3199 498 3261 castigandum,
512 3197 599 3248 multis
615 3202 761 3250 sanctorum
774 3200 878 3250 Patrnm
897 3201 1023 3264 exemplis
1035 3207 1061 3251 et
1080 3204 1155 3251 aneto

102 3267 599 3329 ritatlbusprobatdornellusalapide.
1080 3282 1084 3289 ·

133 3336 202 3384 idem
215 3336 360 3386 notatsolos
372 3339 471 3386 sanctos
482 3339 626 3389 austerioris
639 3341 698 3388 vitre
711 3337 841 3388 miraculis
852 3337 986 3389 claruisse.

134 3419 169 3467 lle
179 3417 241 3481 sorti
259 3418 316 3467 calm
327 3418 387 3468 olir's
396 3418 599 3479 predicaverim,
612 3422 729 3481 viamque
741 3419 829 3469 salutis
840 3420 1013 3484 ostenderim,
1026 3427 1080 3487 ipse
1089 3422 1155 3473 sainte

104 3485 223 3548 indignus
235 3486 369 3546 inveniar,
383 3490 408 3534 et
421 3486 436 3533 b
448 3485 498 3534 lieo
514 3490 634 3548 tanquam
647 3487 767 3549 reprobus
780 3489 876 3547 ejiciar.

134 3571 173 3617 23.
184 3567 250 3616 Dixit
261 3586 267 3614 ι
283 3568 312 3616 llt
321 3567 448 3628 particeps
455 3565 552 3628 efficior
564 3569 774 3631 Evangelii...hic
785 3582 829 3632 per
840 3573 1038 3635 opposltlonem,
1047 3587 1079 3624 ne
1089 3572 1154 3624 saluo

105 3634 222 3696 indignus
236 3634 338 3683 elliolar.
595 3645 597 3649 ·

133 3702 264 3752 Gohaerent
279 3703 374 3750 omnia.

134 3770 226 3819 Paulus
239 3773 330 3818 metuit
342 3770 457 3819 damnari
471 3772 607 3824 :Calvinus
618 3776 698 3826 credit
709 3777 758 3827 tide
775 3791 801 3827 se
812 3776 978 3832 salvandum.

134 3837 187 3886 lloc
202 3835 314 3899 exemplo
335 3849 399 3897 suo,
417 3838 506 3900 bisque
524 3844 744 3906 similitudinibus,
766 3846 930 3910 Corinthios,
947 3852 1029 3903 etlam
1043 3853 1071 3904 in
1092 3848 1154 3902 idolo

106 3904 245 3966 epulatores
256 3909 413 3969 perstringit,
428 3909 504 3958 simul
519 3915 544 3960 et
559 3923 602 3962 eos
614 3914 646 3963 ad
662 3916 702 3964 sui
721 3917 889 3967 imitationem
903 3919 1008 3972 excitat.
