2520 4440
101 261 154 312 aaa
323 296 326 300 .
396 258 600 311 samsona
619 246 669 310 ln
685 255 873 310 nouenos
898 265 902 279 ¹

101 449 1155 489 00rtnoune·nom00omobnunuwnm'm“mounmmmummn

296 656 554 763 lulursis
583 612 969 758 uaniusnonr.
1005 774 1007 778 Α
1051 693 1056 699 -

577 875 683 887 'uu——

102 978 307 1073 Exeifcctibus
317 1019 410 1072 Sancti
419 1016 552 1084 Spiritus,
562 1018 598 1070 de
607 1017 711 1084 quibus
720 1017 749 1069 in
758 1030 821 1083 cap.
835 1019 861 1071 8.
871 993 958 1083 et'oui
967 1016 997 1069 in
1006 1016 1157 1070 Christianis

96 1101 209 1154 lantbm
220 1106 299 1154 erant
311 1101 466 1167 conspicui,
481 1115 539 1154 non
551 1107 643 1154 autem
653 1101 680 1152 in
693 1100 796 1154 Juaeis
807 1101 896 1167 legem
906 1099 1057 1153 llosaioam
1069 1099 1157 1152 obser-

1 1194 2 1201 *
102 1185 245 1250 vantibus,
260 1186 386 1251 sequitur
398 1183 544 1237 manifeste
560 1185 635 1236 solos
647 1184 817 1238 cbrislianos
832 1184 896 1235 verb
908 1182 1079 1248 juslifieatos
1090 1196 1154 1245 esse,

102 1268 187 1320 invia
200 1267 295 1321 salutis
307 1281 382 1331 esse,
396 1273 423 1320 et
438 1272 643 1333 consequenter
658 1269 723 1320 rere
731 1267 865 1333 populum
877 1266 943 1330 Dela
954 1265 1155 1327 Judoeosauten

101 1365 153 1403 nec
164 1351 192 1403 in
200 1351 246 1403 via
255 1349 371 1417 justitiae
383 1355 410 1402 et
423 1350 519 1402 salutis
531 1364 610 1415 esse,
625 1363 677 1402 nec
689 1348 806 1416 amplius
817 1349 952 1415 populum
965 1349 1026 1403 Dei.

136 1437 212 1486 llane
229 1447 262 1485 ex
274 1432 402 1484 doctrina
420 1447 471 1484 sua
486 1434 628 1499 sequelam
647 1433 803 1487 evidentem
820 1445 984 1498 supponens
1000 1436 1033 1486 l).
1051 1434 1151 1496 Paulus,

102 1513 231 1583 illamque
244 1517 347 1592 ludaeis
359 1517 427 1582 ipsis
435 1524 536 1570 motam
554 1532 615 1570 esse
628 1517 732 1581 sciens,
745 1517 837 1569 verbis
849 1530 905 1568 non
917 1517 1047 1584 exprimit
1054 1535 1063 1582 3
1076 1517 1122 1570 se'd
1131 1522 1153 1569 ut

103 1600 208 1652 tristem
218 1600 289 1652 hane
300 1600 454 1664 veritatem,
470 1599 604 1668 quantum
618 1607 660 1653 est
674 1600 703 1652 in
719 1614 763 1663 sc,
776 1599 860 1650 leniat
870 1588 954 1653 initio
974 1599 1059 1667 binus
1070 1600 1151 1667 capitis

102 1697 182 1735 suum
195 1697 260 1750 erga
272 1697 321 1735 eos
330 1683 457 1737 affectum
466 1685 579 1739 exhibet
588 1697 678 1750 usque
687 1683 722 1735 ad
735 1683 762 1750 ir.
772 1685 799 1735 6.

578 1817 669 1854 paruo.
744 1808 747 1812 ’

135 1913 233 1976 ltaque
243 1909 342 1963 asserit
352 1915 379 1962 et
387 1909 479 1976 jurat,
493 1910 571 1977 qubd
584 1909 620 1962 ob
632 1911 685 1963 boe
695 1911 786 1976 ipsum
796 1911 915 1973 maxime
927 1911 1006 1964 dolet
1014 1879 1150 1976 ;-ntuuuu

101 1993 272 2058 qudeudaei
284 1993 339 2045 sint
352 1993 510 2045 extrariam
520 1994 630 2056 salutis,
642 1993 722 2046 abeo
735 1993 908 2059 rejecti,nee
917 1993 1149 2062 amplibspopulus

100 2074 163 2141 llei',
177 2079 339 2143 nullumque
353 2077 388 2128 sit
400 2077 429 2128 iu
441 2075 509 2143 ipsis
521 2089 595 2128 verae
601 2075 717 2143 justitiae
728 2077 853 2144 signum
885 2138 890 2152 2

566 2208 690 2247 SECUNDO·

122 2350 125 2357 .
136 2300 240 2357 asserit
250 2301 278 2371 γ.
289 2303 316 2355 6.
330 2316 388 2354 non
403 2301 467 2355 ideo
480 2303 615 2359 excidisse
626 2303 741 2357 verbum
756 2303 817 2368 Dei,
835 2318 887 2357 nec
898 2304 1061 2359 ludaeorum
1072 2305 1149 2359 incre·

100 2385 244 2438 dulitatem
256 2399 406 2439 evacuasse
416 2387 617 2452 promissiones
630 2388 746 2440 Abrabae
761 2387 848 2440 lactas
863 2404 870 2440 ε
881 2389 951 2454 quia
964 2391 1034 2442 tales
1045 2389 1149 2457 promis-

101 2468 193 2520 siones
205 2467 284 2520 iactae
294 2473 360 2520 sunt
372 2468 488 2521 Abrahae
497 2484 547 2535 pro
554 2459 813 2537 spiritualibusejus
821 2471 897 2536 liliis,
908 2486 965 2526 non
973 2488 1026 2540 pro
1036 2474 1149 2527 omnibus

100 2550 256 2602 carnalibus
268 2551 330 2603 filiis
342 2552 370 2620 b.
384 2554 413 2616 6,
425 2556 456 2616 7,
467 2556 494 2606 8.

134 2637 210 2686 Hanc
222 2635 405 2688 assertionem
417 2636 533 2701 probat,
545 2642 604 2688 tum
617 2651 649 2689 ex
659 2636 726 2703 ipsis
738 2637 931 2704 promissionis
940 2639 1047 2705 verbis,
1058 2636 1149 2707 queat

100 2720 176 2770 Isaac
188 2716 309 2782 lantum,
325 2718 520 2783 promissionis
539 2713 639 2774 F'ilinm
652 2720 818 2786 limitantur,
832 2721 947 2774 ismaele
960 2723 1082 2776 excluso.
1094 2723 1117 2791 j.
1128 2723 1148 2773 9.

100 2806 159 2852 tum
177 2801 302 2866 exemplo
322 2801 443 2854 illiorum
460 2806 550 2866 Isaac,
570 2817 691 2869 quorum
708 2803 910 2870 primogenitus
930 2807 1022 2870 Esau,
1041 2807 1150 2873 privatur

98 2883 306 2948 benedictione,
321 2899 406 2951 quam
418 2888 517 2952 recipit
533 2886 632 2949 Jacob,
647 2884 707 2952 ejus
719 2887 792 2940 iilius
806 2893 873 2940 natu
882 2888 992 2954 minor,
1003 2896 1032 2943 et
1042 2889 1095 2946 boc
1104 2900 1150 2941 non

100 2966 136 3018 ob
148 2967 261 3032 merita,
273 2968 323 3020 sed
338 2969 376 3021 ob
386 2969 436 3021 bei
448 2971 630 3022 volantatem.
642 2972 692 3034 10,
710 2974 759 3033 ll,
773 2973 823 3034 la,
833 2975 881 3024 lb.

134 3044 246 3104 Talibus
257 3053 393 3119 exemplis
400 3057 475 3117 patet
487 3053 630 3105 evidenter
638 3053 714 3118 quod
727 3068 782 3106 nou
796 3069 893 3107 omnes
904 3056 1032 3109 carnales
1041 3056 1102 3120 filli,
1111 3050 1149 3106 sed

100 3133 292 3199 promissionis
304 3135 364 3186 Filii
377 3130 481 3200 solbm,
494 3141 558 3205 sunt
572 3137 629 3188 veri
644 3136 690 3189 illii
705 3137 838 3200 Abrahae,
858 3139 894 3192 ad
906 3154 979 3206 quos
993 3145 1099 3208 spectat
1111 3127 1149 3190 bel

98 3216 263 3281 promissio:
277 3223 304 3270 et
316 3218 382 3287 iude
390 3218 574 3286 colligendum
584 3219 714 3286 relinquit
722 3223 883 3286 Apostolus,
895 3223 987 3288 primo
1000 3239 1057 3278 non
1067 3225 1149 3276 omnes

100 3299 210 3352 tndaeos
219 3315 280 3353 esse
288 3301 360 3353 filios
370 3300 500 3364 Abrahae,
512 3302 561 3354 scd
570 3302 750 3368 quicredunt.
759 3305 888 3359 Secundo
897 3307 1147 3372 Gentileslicetnon

101 3396 131 3435 ex
147 3385 252 3438 semine
266 3385 400 3449 abraba,
416 3384 565 3450 perfidem
583 3390 674 3438 tamen
692 3386 780 3440 faclos
795 3402 856 3441 esse
873 3389 1031 3456 spirituales
1049 3387 1147 3444 abraba

100 3467 187 3532 lilios,
202 3474 229 3522 et
240 3468 344 3522 ludaeis
352 3469 497 3534 praelatos,
511 3482 569 3520 non
582 3469 618 3521 ob
629 3469 741 3535 merita,
754 3471 805 3538 sed
818 3471 856 3523 ob
868 3471 917 3524 Ilei
926 3472 1088 3525 bonitatem.

571 3593 684 3638 ,lanato

134 3673 238 3738 asserit
250 3686 276 3752 ir.
289 3689 333 3738 ll.
345 3686 448 3738 nullam
459 3692 606 3753 propterea
619 3701 680 3740 osse
691 3687 719 3739 in
731 3691 787 3740 Deo
805 3685 985 3754 injustitiam,
999 3688 1055 3742 sive
1065 3688 1097 3741 ob
1106 3687 1141 3738 ta·

101 3768 162 3823 nobi
173 3768 361 3833 praelationem
379 3783 437 3835 prae
448 3771 535 3833 Esau,
549 3771 606 3823 sive
619 3771 655 3823 ob
670 3771 859 3836 praelationem
874 3770 1087 3826 Christianorum
1097 3773 1140 3834 prb
1190 3814 1192 3819 .

101 3852 214 3915 ludaeis;
227 3850 292 3917 quia
304 3865 493 3918 nempe-opus
504 3860 668 3921 utrumque,
682 3862 753 3921 opus
765 3859 807 3907 est
824 3854 1023 3909 misericordiae
1029 3873 1039 3922 ;
1051 3847 1138 3908 misen·

100 3934 194 3987 cordia
205 3939 296 3987 autem
308 3933 338 3987 ill
348 3935 372 3987 ei
386 3934 434 4002 qui
448 3936 538 4000 placet
554 3937 704 3990 miserenti.
