2520 4440
281 251 502 320 orunlsonu
524 257 647 313 narro
670 261 717 313 ur
738 259 912 315 occasro.
1094 276 1123 315 rx

63 341 129 422 pitis
150 343 308 426 analysim
325 349 447 428 facere,
467 349 501 412 in
521 368 583 430 qua
596 353 683 416 velut
697 352 730 416 in
752 354 898 432 speculo,
920 352 997 416 mihi
1014 356 1122 418 statim

65 447 265 512 exhiberetur
283 451 361 515 ordo
383 459 416 516 et
438 454 594 518 connexio
613 458 722 520 textus
745 458 930 539 Apostolici3
958 458 1071 522 deinde
1089 464 1123 523 et

63 553 228 632 quamdam
250 555 339 636 quasi
356 558 590 638 paraphrasim,
611 577 653 622 ex
675 560 816 640 ipsismet
837 562 977 642 Apostoli
1001 564 1119 640 verbis,

63 654 211 736 quantiam
220 660 327 741 potui,
342 661 448 741 paucis
458 658 581 725 tantiam
594 664 634 726 ad
642 665 882 729 elucidationem
895 665 1024 745 additis,
1038 684 1122 731 com·

62 778 193 844 ponere,
209 781 279 843 quae
292 765 369 828 mihi
381 769 521 830 mentem
534 767 617 831 illius
630 767 765 831 fideliter
777 773 961 850 exponeret.

93 888 141 951 Sic
152 906 232 970 ergo
245 891 360 970 triplex
371 891 448 954 mihi
458 890 524 956 iere
537 891 723 972 incogitanti
736 898 809 957 nata
818 898 868 958 est
881 898 1120 976 apostolicarum

60 994 266 1074 Epistularum
285 996 467 1076 Expositio,
486 1015 543 1077 per
554 997 729 1078 hnalysim‚
748 1000 962 1080 Paraphrasim
980 1005 1012 1064 et
1028 1010 1121 1064 lom·

55 1082 264 1180 menmium,
287 1115 360 1162 cum
379 1100 441 1163 boc
466 1100 662 1179 discrimino,
689 1104 726 1164 ut
746 1120 815 1182 quae
839 1101 891 1167 hic
914 1104 1024 1168 ordine
1046 1110 1119 1168 sunt

60 1203 194 1283 priores,
214 1207 293 1266 natu
303 1207 410 1267 tamen
427 1202 490 1267 sint
503 1205 704 1285 posteriores.
719 1207 862 1287 hnalysis
876 1211 908 1271 et
921 1210 1118 1290 paraphrasis

60 1311 125 1387 post
132 1309 401 1372 commentarium
408 1309 608 1390 prodierunt3
619 1310 662 1372 illi
672 1311 872 1375 nihilominus
884 1317 1116 1392 praeponuntur,

60 1411 127 1492 quia
139 1414 244 1476 lacem
254 1428 449 1491 unaquaque
462 1429 521 1475 suo
530 1414 626 1477 modo
640 1416 765 1495 praefert
778 1416 818 1479 ad
831 1417 1001 1480 faciliorem
1010 1420 1043 1480 et
1057 1419 1119 1498 ple

59 1516 174 1581 niorem
184 1516 284 1580 totius
293 1515 402 1597 capitis
412 1515 668 1600 intelligentiam,
680 1521 822 1601 hnalvsis
836 1522 990 1585 exhibens
999 1525 1115 1602 partes,

59 1623 198 1686 ordinem
212 1624 245 1686 et
257 1621 488 1687 connexionem
500 1623 608 1686 textus
621 1647 630 1704 3
641 1627 840 1706 paraphrasis
853 1630 993 1690 mentem
1007 1630 1038 1691 et
1048 1645 1117 1691 sen-

58 1744 123 1791 sum
136 1727 252 1791 litterae
264 1726 442 1806 propiorem
453 1727 591 1792 breviter
604 1745 782 1811 exponens,
796 1731 897 1794 donoc
909 1731 942 1794 in
955 1734 1116 1794 commen

57 1831 132 1896 tario
149 1832 209 1894 lux
222 1831 315 1912 plena
330 1830 431 1894 detur.

89 1955 207 2038 Porro,
237 1954 318 2021 circa
343 1955 496 2037 triplicem
515 1959 597 2023 hanc
615 1959 850 2041 Expositionem
868 1961 974 2041 paucis
997 1960 1115 2024 adnoto

57 2065 144 2144 quale
157 2078 268 2126 meum
282 2062 377 2125 luerit
391 2062 542 2128 studium.

90 2185 126 2246 ln
138 2179 269 2263 hnalysi
284 2179 424 2269 iacienda
436 2182 559 2262 curavi,
573 2185 610 2246 ut
621 2178 695 2247 vere
708 2185 741 2247 ct
753 2177 840 2247 mere
851 2185 936 2247 esset
953 2181 1112 2262 hnalvsis,
1130 2238 1133 2247 .

57 2304 109 2352 scu
120 2284 274 2350 resolutio
293 2285 402 2365 capitis
423 2285 457 2349 in
469 2304 543 2350 suas
562 2292 686 2368 partes,
705 2305 814 2352 earum
828 2287 976 2350 ordinem
992 2289 1025 2349 et
1038 2303 1115 2349 con-

56 2392 224 2456 nexionem
255 2388 436 2470 simpliciter
459 2388 646 2471 declarans,
675 2408 741 2454 non
766 2388 850 2455 verd'
867 2389 1114 2455 Commentarius

57 2497 152 2575 roret,
164 2498 221 2558 aut
233 2493 309 2574 quid
321 2493 542 2561 Commentarii
554 2494 655 2559 vicem
667 2498 790 2559 tenens.

89 2626 126 2685 ln
139 2617 327 2700 Paraphrasi
343 2618 481 2683 texenda
498 2617 593 2683 vitavi
605 2635 647 2682 ne
663 2620 752 2699 plura
766 2619 902 2684 dicerem
918 2617 1013 2699 qnam
1026 2620 1113 2698 cogi-

56 2725 164 2791 taverit
177 2724 363 2806 Apostolus,
375 2722 449 2786 hinc
461 2721 544 2786 illius
553 2727 693 2788 mentem
701 2723 837 2807 breviter
850 2725 883 2786 et
896 2722 978 2787 clare
991 2724 1110 2803 apemi,

56 2831 147 2912 ipsius
160 2827 304 2910 Apostoli
321 2826 443 2905 verbis,
458 2830 512 2890 aut
525 2828 638 2890 saltem
652 2826 924 2906 aequivalentibus,
939 2827 1046 2907 paucis
1061 2827 1113 2891 ali-

59 2935 177 3017 quando
188 2931 313 2998 tantum
326 2931 459 3011 additis,
475 2931 515 2995 ad
526 2931 697 3012 pleniorem
710 2931 824 2995 mentis
838 2932 920 2996 illius
938 2932 1111 3013 intelligen-

57 3037 335 3104 tiamnecessariis.

88 3163 123 3222 ln
136 3155 372 3223 commentario
381 3153 500 3219 attendi
513 3171 553 3218 ne
564 3153 651 3218 tricis
661 3153 956 3236 grammaticalibus,
966 3157 1020 3217 aut
1031 3173 1113 3235 quae·

56 3262 206 3326 stionibus
224 3256 313 3323 merc
328 3257 460 3321 curiosis
474 3257 596 3322 animus
609 3259 777 3322 distractus
792 3257 1018 3340 exsiccaretur3
1039 3259 1112 3324 hinc

55 3385 103 3431 eas
112 3383 180 3431 nou
193 3362 289 3428 vitavi
302 3359 447 3440 tantum,
462 3361 520 3426 sed
529 3364 563 3425 et
575 3361 690 3442 ubique
703 3362 938 3425 observationes
950 3363 1033 3444 pias,
1047 3382 1113 3427 mo·

54 3473 129 3536 rales
143 3474 177 3535 et
191 3467 343 3534 asceticae
356 3466 485 3546 miscui,
501 3483 575 3529 cum
586 3467 734 3547 praxibus
748 3467 942 3548 christianis,
957 3485 1026 3549 quae
1044 3469 1112 3549 pie-

54 3580 147 3642 tatem
160 3572 389 3649 accenderent,
405 3575 556 3653 augerent
568 3575 600 3635 et
611 3571 777 3637 nutrirent.

87 3707 134 3766 dn
159 3715 329 3766 successus
350 3696 502 3761 voluntati
527 3697 730 3777 respondeat,
753 3715 849 3778 penes
869 3699 1026 3762 eruditum
1049 3701 1111 3760 lec-

53 3809 149 3872 torem
159 3807 203 3871 sit
211 3801 385 3885 judicium,
399 3800 432 3863 in
441 3801 502 3863 hoc
513 3801 608 3865 etiam
620 3798 782 3864 laudabilis
794 3849 803 3880 ,
817 3805 853 3865 ut
862 3810 953 3881 puto,
965 3804 1106 3874 conatus,

53 3912 102 3990 qui
114 3913 224 3977 forsan
238 3905 308 3970 aliis
324 3920 433 3968 ansam
445 3903 532 3968 dabit
546 3901 665 3967 lelicids
681 3903 852 3967 laborandi.
