2520 4440
113 255 147 303 76
409 252 612 309 EPISTOLAE
631 259 680 311 iu
697 260 879 319 aoutuos

109 343 707 413 cumcurisocruniixusest;utaboleaturtota
731 359 803 422 caii,
818 366 846 412 et
856 359 928 415 uitri
940 375 999 416 non
1017 363 1163 420 serviamus

109 418 269 474 pcccatorum
291 423 433 483 congeries,
445 424 480 472 ita
498 419 527 471 ui
544 423 707 479 peccalorum
730 441 855 497 peccalo.

109 483 237 542 tyrannidi
253 498 304 535 non
320 489 458 540 subdamur
474 490 593 554 amptius.

138 548 209 600 sicut
229 556 298 604 enirn
317 569 405 607 servus
426 563 542 609 mortuus
560 573 614 611 non
631 565 708 611 servit
766 561 792 611 ⁸i.
803 559 856 622 Qui
874 560 950 614 enim
968 567 1097 615 mortuus
1112 568 1162 626 cst,

106 618 706 706 impriumsicetnos,perruptismumpcccuto
727 634 1116 706 jusfiflcapusespppeccaro„

107 691 214 746 mortui,
229 688 260 736 ab
273 701 327 750 epus
340 693 474 753 tyrannide
488 693 560 742 liberi
573 707 670 743 sumus.

137 754 164 803 Sl
183 762 269 806 autem
290 766 393 820 peccato
411 761 469 810 vere
487 765 581 810 mortui
601 776 706 823 sumus3
765 763 792 813 8.
807 760 834 813 Si
848 766 941 814 autem
954 761 1059 814 mortui
1075 775 1164 815 sumus

106 823 172 871 sicut
191 823 306 875 Christus
327 840 373 890 pro
391 833 494 890 peceato
516 829 573 878 vere
591 833 706 878 mortuus
730 848 793 887 cum
806 832 928 899 Christo,
946 837 1090 890 credimus
1106 839 1164 905 quia

105 896 156 952 cst,
174 893 325 946 confidimus
346 904 370 947 et
394 898 461 959 qnod
482 911 542 948 cum
561 897 604 947 iilo
626 901 705 948 vitam
730 912 811 965 simul
843 913 926 966 epam
956 914 1082 967 vivemus
1107 928 1164 967 oum

105 972 208 1020 agemus
221 964 248 1011 in
264 968 386 1013 eternum
402 965 545 1027 gloriosam.
729 989 858 1043 Christo:

136 1061 236 1113 Scimus
253 1065 322 1114 enlm
342 1064 409 1126 quod
430 1064 545 1115 Christus
563 1065 578 1115 a
598 1069 705 1117 mortuis
764 1067 790 1116 9.
810 1064 934 1118 Scientes
952 1066 1031 1133 quod
1047 1065 1165 1120 Christus

105 1131 250 1192 suscitatus,
258 1134 322 1182 vivit
334 1132 636 1194 immortalis,gioriosus,
647 1134 705 1182 lreu-
729 1153 876 1208 resurgens
886 1143 1163 1210 exm0rpuisjamn0n

104 1203 161 1258 tus,-
180 1200 212 1248 ab
234 1203 304 1250 omni
328 1201 481 1252 mortalitate
503 1208 528 1251 et
546 1203 705 1252 mortalitatis
729 1219 858 1283 moritur,
874 1233 951 1272 mors
969 1221 1009 1272 iffi
1026 1219 1098 1273 unffi
1113 1232 1163 1272 110„

104 1269 303 1319 aerumnaliuer.
728 1296 926 1349 dominabitur.

134 1370 262 1432 Quantum
276 1373 344 1421 enlm
356 1374 447 1421 attinet
458 1373 490 1422 sd
504 1373 530 1422 id
540 1409 547 1434 ,
558 1371 625 1433 quod
637 1385 705 1421 mor·
761 1378 807 1427 10.
815 1374 894 1436 Quod
901 1373 976 1427 enim
982 1378 1161 1433 mortuusest,

103 1445 163 1490 tuus
174 1447 225 1501 cst,
236 1454 280 1503 pro
291 1446 394 1503 peccato
406 1442 515 1491 tollendo
527 1449 643 1492 mortuus
653 1448 689 1491 cst
696 1463 703 1502 ς
729 1458 842 1518 peccaro
853 1457 981 1504 mortuus
1002 1458 1045 1504 esc
1064 1453 1161 1505 semel:

103 1508 171 1567 quod
189 1513 274 1558 autem
293 1523 363 1558 nuno
378 1512 455 1591 vivit,
474 1514 542 1559 totus
556 1510 606 1559 lieo
624 1513 702 1572 vivit;
728 1529 806 1595 qupd
818 1534 912 1581 autem
925 1527 1008 1592 vivit,
1025 1529 1159 1581 vjvjppeo,

103 1579 171 1624 totus
185 1577 211 1624 in
226 1577 348 1626 honorem
362 1577 415 1626 lior.

134 1643 171 1693 ad
184 1643 251 1695 illius
265 1647 341 1707 igitur
355 1646 702 1709 exemplum,reputatevos,
761 1646 807 1695 it.
824 1645 865 1694 iia
882 1645 910 1694 ei
926 1653 980 1693 vos
999 1640 1159 1701 existimate,

104 1834 258 1895 baptismum
270 1847 326 1896 crgo
339 1835 438 1884 Christo
452 1848 541 1885 sumus
555 1835 716 1885 concrucifixi
727 1872 734 1895 ,
747 1840 777 1883 ot
795 1835 940 1882 destruatur
950 1844 1043 1894 corpur
1056 1830 1160 1894 peccoti;

103 1901 127 1950 id
148 1905 200 1962 est,
216 1906 244 1951 ut
261 1905 401 1952 moriamur
414 1908 532 1965 peccato,
548 1906 614 1954 sieut
627 1904 742 1954 Christus
761 1905 876 1951 mortuus
892 1905 930 1949 est
947 1912 994 1962 pro
1009 1904 1120 1963 peccato.
1133 1901 1160 1946 El

102 1971 172 2020 oiird
188 1986 239 2020 non
249 1973 388 2021 serviamus
399 1980 497 2034 peccato
510 1992 516 2022 ι
529 1976 564 2022 ita
578 1978 604 2022 ut
616 1973 726 2035 amplius
742 1983 793 2021 non
810 1972 949 2019 serviamus
964 1968 1034 2018 illius
1052 1969 1159 2031 imperio.

132 2039 245 2100 lingitur
255 2045 387 2102 peccatum
403 2045 430 2088 ut
443 2045 583 2103 tyrannus,
593 2042 766 2102 peccatoribus
782 2041 910 2101 imperans
922 2041 951 2086 ut
964 2038 1094 2098 subjectis.
1108 2038 1160 2087 Ser-

102 2110 185 2158 rimus
199 2114 284 2157 autem
300 2114 402 2173 proculo
414 2110 473 2159 cum
485 2111 616 2160 obedimus
629 2110 842 2173 concupiscentiis
854 2109 956 2157 uostris.

132 2201 156 2245 7.
173 2197 222 2255 Qui
236 2197 301 2244 erim
313 2205 428 2246 mortuus
439 2203 488 2255 est,
497 2197 652 2261 justificatus
663 2204 697 2248 est
708 2196 832 2261 dpeccuio
844 2215 854 2247 .-
866 2193 909 2246 G'r.
922 2206 984 2244 nem
992 2196 1103 2245 morlens
1110 2197 1158 2257 jus·

102 2267 215 2315 tilitatus
226 2304 233 2327 ,
246 2271 295 2315 cic.
304 2267 359 2328 Syr,
371 2266 491 2318 liberatus
505 2272 542 2316 esi
555 2269 569 2316 a
580 2274 692 2330 peccato.

132 2337 202 2389 Sicut
214 2349 313 2395 scmus,
321 2349 373 2452 fper
386 2340 493 2387 mortem
503 2374 510 2397 ,
520 2337 551 2386 tit
560 2337 622 2388 iiber
632 2339 646 2386 a
658 2340 777 2388 servitute
786 2357 794 2399 ;
804 2339 841 2387 sic
853 2349 898 2400 per
908 2336 1081 2399 imptismum,
1092 2337 1157 2398 quasi

101 2408 209 2454 mortem
218 2442 224 2464 ,
233 2404 304 2452 liberi
331 2407 381 2453 aeti
395 2419 484 2454 sumus
496 2407 615 2468 apcccati
623 2407 758 2469 tyrannide
769 2411 794 2456 et
803 2409 937 2467 servitute,
948 2410 973 2456 et
983 2410 1157 2468 consequenter

102 2474 172 2522 nohis
184 2473 293 2536 amplius
306 2487 358 2523 non
369 2475 535 2537 peccandum.

132 2543 177 2592 Per
190 2544 343 2605 baptismum
354 2547 449 2593 mortui
464 2558 552 2596 sumus
567 2562 626 2597 cum
638 2548 753 2606 Christo,
768 2544 924 2608 consepulti,
934 2543 1098 2595 conerueltixi
1110 2562 1117 2592 ε
1132 2547 1156 2591 ut

100 2612 252 2674 explicatum
261 2615 298 2660 est
309 2614 392 2674 supra.
402 2613 466 2674 Ergo
476 2616 541 2664 sieut
552 2618 647 2666 mortui
657 2620 717 2665 sunt
727 2617 783 2665 sine
792 2616 891 2664 actione
901 2616 942 2673 ,ct
952 2613 1087 2662 allectione
1096 2613 1155 2660 circa

18 2680 31 2699 '⁰
100 2694 140 2731 ros
151 2682 226 2742 hujus
238 2681 330 2742 seculi,
342 2685 383 2730 cui
394 2683 488 2730 mortui
499 2687 559 2731 sunt
569 2704 575 2743 ς
586 2685 622 2732 sic
635 2683 770 2733 Christiani
784 2695 872 2741 mens,
883 2695 926 2731 eor
937 2684 962 2731 ei
975 2682 1155 2732 sensusdelteut

100 2765 153 2801 csse
165 2754 219 2801 sinc
231 2751 282 2800 ulio
292 2752 384 2800 ellectu
395 2754 420 2799 ct
432 2755 583 2802 commercio
593 2767 649 2819 erga
660 2757 807 2816 peccatum,
819 2754 861 2801 cui
872 2754 966 2800 mortui
978 2765 1077 2802 sumus.

131 2845 154 2889 8.
167 2841 197 2890 Si
212 2847 295 2889 ortem
306 2841 400 2889 mortui
409 2854 526 2890 mmor...
539 2840 626 2903 idest,
640 2844 759 2893 siautcm
771 2844 874 2903 peccato
883 2840 941 2888 vere
951 2842 1045 2889 mortui
1057 2853 1152 2898 sumus,

100 2912 166 2958 siout
179 2909 292 2959 Christus
308 2922 384 2976 carne
397 2915 513 2966 mortuus
526 2914 564 2960 cst
581 2924 626 2974 pro
643 2915 746 2974 peccato
759 2923 766 2958 ι
786 2910 930 2968 Credimus,
943 2921 989 2971 pro
1001 2915 1071 2959 certo
1084 2910 1153 2959 imbe-

100 2993 174 3039 mus,
191 2979 283 3029 Christi
303 2982 433 3041 promissis
452 2981 539 3030 contisi
555 2981 714 3043 quodetiam
729 2994 787 3031 cum
803 2979 845 3028 illo
859 2991 952 3028 novam
965 2981 1046 3030 vitam
1060 2990 1152 3043 agemm

100 3053 125 3098 in
138 3055 259 3098 arternum
271 3049 404 3111 gloriosam
413 3087 419 3110 ,
429 3051 508 3113 ipsius
520 3052 712 3100 resurrectionis
724 3050 835 3112 gloriosa
847 3050 991 3111 participes.

94 3136 96 3140 ’
129 3119 167 3168 Ab
182 3133 230 3168 una
242 3122 425 3169 resurrectione
432 3121 525 3171 transit
536 3119 665 3181 adoliam,
674 3125 701 3170 ut
712 3133 758 3170 nos
769 3121 859 3168 exotici
870 3118 902 3167 ad
911 3118 988 3179 hauc,
996 3118 1099 3169 alterius
1106 3128 1150 3180 spe

129 3208 267 3257 escientes
283 3207 350 3269 quid
367 3208 479 3257 Christos
492 3221 652 3269 reserpere..
665 3206 707 3263 Gr.
721 3188 881 3255 suscitatusa
894 3207 1021 3266 mortuis,
1038 3219 1089 3256 nou
1105 3218 1151 3254 am·

98 3277 165 3338 plius
177 3277 284 3325 moritur
298 3278 381 3326 :ilors
389 3277 430 3325 iiii
442 3277 512 3326 ultro
522 3290 572 3324 roo
585 3276 765 3330 dominabitur.
778 3275 834 3338 Syr,
846 3277 941 3325 scimus
950 3277 1020 3324 enim
1032 3275 1149 3325 Christum

98 3349 277 3465 leglcffiffirgomcx
286 3347 465 3414 mortuis7ucc
477 3344 587 3409 amplius
603 3347 771 3421 moriturum,
784 3347 947 3394 necmortem
961 3344 985 3392 ei
998 3343 1148 3408 empildsdo

130 3508 168 3554 ie.
182 3503 253 3563 oudd
264 3504 329 3552 enim
341 3509 455 3552 mortuus
464 3509 499 3552 est
510 3507 622 3565 peccato,
632 3503 659 3550 in
673 3500 775 3561 dativo,
789 3501 815 3555 ld
831 3503 881 3560 est,
893 3500 1020 3562 quantum
1031 3503 1097 3550 enim
1114 3500 1145 3548 at·
1197 3552 1199 3557 ,

98 3576 162 3621 tinet
175 3573 206 3621 ud
218 3573 243 3620 id
251 3609 257 3632 ,
265 3572 331 3632 quid
341 3577 456 3621 mortuus
464 3577 513 3630 est,
523 3584 569 3633 pro
579 3576 680 3633 peccato
692 3570 801 3622 tollendo
811 3573 927 3622 mortuus
937 3572 989 3618 est:
999 3571 1066 3632 quid
1076 3574 1145 3618 cutem

97 3642 175 3701 uiuit,
186 3643 247 3691 viril
260 3644 310 3690 Deo
323 3662 331 3689 .·
355 3655 398 3690 scu
416 3643 484 3704 apud
502 3641 581 3693 licum
592 3678 598 3700 ,
610 3643 689 3698 vitam
708 3641 838 3699 divinam,
850 3639 899 3688 lieo
913 3639 1032 3703 diguam,
1044 3641 1142 3691 beatam,

97 3711 282 3770 immortalem,
297 3717 345 3759 etc.
364 3711 408 3759 Vel
424 3713 500 3761 otiam
514 3712 577 3762 sivit
594 3710 660 3769 ileo,
675 3710 838 3767 inhonorem
855 3708 899 3759 Dei
916 3727 923 3759 i
939 3713 966 3757 ut
983 3709 1061 3758 licum
1082 3701 1142 3765 dirui

98 3783 179 3839 ornet,
192 3779 278 3827 adoret
288 3816 295 3839 ,
307 3779 390 3828 laudet
400 3816 407 3840 ,
417 3779 531 3828 honoret.

129 3850 231 3910 Propter
243 3847 286 3896 lici
300 3847 404 3908 gloriam
419 3852 534 3896 mortuus
552 3849 589 3895 est
598 3865 606 3906 i
615 3848 677 3910 vivit
688 3849 712 3895 et
722 3850 822 3908 propter
835 3851 953 3895 aetcrnam
963 3845 1077 3908 gloriam.

132 3943 168 3985 it.
184 3937 222 3985 ila
234 3940 256 3984 et
268 3947 312 3984 vor
329 3935 495 3985 memor...
509 3933 618 3998 oppium
631 3933 794 3996 procedentia
805 3969 813 3990 .
823 3933 969 3996 ¹indicatque
981 3926 1137 3987 emundamiss
