2520 4440
99 251 129 292 π
308 240 427 295 tow!
441 241 611 297 mm
625 241 714 296 MS
729 241 944 298 Momm

148 333 250 403 Hanc
266 332 377 430 igitur
387 357 523 405 sacrum
533 387 546 421 ,
570 333 801 433 divinamque
815 336 1055 408 adhaionent
1065 387 1078 421 ,
1101 338 1164 404 ezi-

98 440 183 510 dem
195 446 257 511 tut
270 439 581 537 gratit,liheuset
597 443 758 541 gaudens
770 443 967 541 eligo,tibi
981 444 1048 514 uni
1062 442 1166 513 dein-

98 572 180 644 oeps
198 562 404 636 tonaturus,
422 576 489 647 per
502 551 678 623 assiduam
699 553 898 625 orationem
912 566 949 624 et
962 578 1028 650 per
1047 553 1166 623 conti-

98 682 211 730 nuam
235 659 504 732 meditnu’onem
517 660 621 732 verbi
637 663 714 748 tui,
735 662 835 759 quod
848 675 988 737 eterne
1006 661 1166 733 veritatis

97 782 168 840 tuae
186 769 288 867 quasi
302 768 424 839 radius
446 781 499 840 est
509 822 520 854 ,
539 783 574 840 et
588 769 702 839 divini
725 771 857 842 amoris
875 772 929 841 tui
944 771 1044 840 velut
1065 770 1166 840 scin·

97 878 175 948 tilla
186 877 335 964 3etideo
347 879 475 948 mentis
486 892 522 948 et
531 878 647 948 cordis
663 880 826 951 inchoata
836 880 908 950 vita
918 906 932 965 ;
944 880 1015 949 vita
1027 879 1166 975 quippe

99 987 228 1057 mentis
243 987 389 1072 veritae,
402 987 474 1058 vitu
489 987 605 1057 cordis
621 1013 737 1057 amor.

146 1097 327 1169 Gontirma
343 1098 434 1182 hoo,
449 1099 569 1183 Deus,
586 1097 684 1195 quod
699 1110 863 1194 operatus
879 1121 919 1168 m
939 1098 980 1167 in
994 1122 1069 1169 me.
1088 1095 1167 1166 Ad-

95 1207 182 1302 jut'a
196 1232 276 1291 me,
292 1209 389 1278 Dens
404 1205 565 1276 salutaris
581 1230 682 1276 mens
691 1258 703 1290 ‚
723 1221 758 1277 et
773 1219 918 1302 propter
926 1207 1084 1303 gloriam
1101 1230 1166 1275 no

98 1317 208 1386 minis
227 1316 302 1402 tui,
326 1313 372 1385 ab
402 1313 570 1386 omnium
593 1313 780 1386 obstaculis
804 1315 985 1403 liberum,
1011 1341 1074 1387 me
1104 1322 1166 1386 tut

97 1425 231 1521 gratio,
249 1425 288 1494 in
305 1425 375 1494 hoo
384 1447 484 1496 suero
495 1423 595 1510 otio,
615 1424 713 1520 quod
729 1438 764 1495 et
780 1448 953 1521 maguum
974 1424 1166 1521 negotium

98 1548 174 1620 est,
188 1535 323 1606 sustine
346 1533 493 1605 :vivam
515 1532 555 1603 in
573 1546 755 1629 posterum
774 1531 841 1605 tibi
856 1535 945 1621 soli,
967 1546 1063 1605 totus
1085 1558 1167 1604 om-

97 1644 208 1729 nino,
223 1667 377 1739 semper.
391 1645 469 1713 Hoc
478 1643 578 1712 utita
591 1643 637 1712 sit
655 1668 665 1711 :

145 1753 313 1822 lllnmino
336 1751 475 1823 vultum
490 1763 594 1822 tuum
607 1775 717 1846 super
728 1775 813 1838 me,
831 1764 867 1823 et
881 1753 1052 1824 miserere
1068 1754 1165 1839 mei,

98 1863 235 1932 olteus
246 1860 394 1932 veritas!
409 1884 476 1931 ure
486 1884 550 1931 oor
566 1885 689 1930 meum
708 1873 745 1930 et
759 1885 865 1932 renes
882 1886 1005 1947 meos,
1020 1867 1044 1932 ὁ
1065 1863 1166 1932 Deus

98 1970 266 2041 charitas!
283 1969 525 2040 luoeamite!
542 1968 688 2040 ardeam
700 1970 807 2040 exte!

146 2081 214 2150 flio
228 2079 453 2176 eloquiorum
465 2091 611 2150 tuorum
629 2078 775 2150 veritate
787 2079 947 2166 nutriar,
963 2081 1083 2156 donec
1104 2097 1165 2172 te,

98 2189 281 2262 veritatem
293 2189 424 2283 ipsam,
437 2186 601 2272 videam,
621 2198 656 2256 et
666 2184 843 2272 videndo,
855 2190 995 2261 nutriar
1011 2217 1057 2263 ex
1071 2206 1124 2266 te.

146 2299 214 2368 llio
235 2297 461 2393 eloquiorum
480 2307 626 2365 tuorum
650 2292 793 2390 ignibus
814 2296 1017 2387 ardoeoem,
1048 2301 1169 2376 donee

98 2420 135 2478 te
145 2456 161 2492 ‚
172 2411 302 2477 aternu
316 2403 505 2489 charitate,
520 2401 623 2472 fruar
631 2453 644 2487 ,
657 2401 781 2498 tuique
799 2428 921 2477 amore
938 2406 1105 2485 beatifioo
1121 2412 1165 2484 in

98 2527 136 2586 te
156 2513 450 2593 transformatus,
468 2534 513 2579 ex
527 2521 563 2579 te
578 2521 614 2579 et
629 2509 669 2578 in
683 2521 719 2580 te
734 2510 867 2582 vivam.

146 2622 201 2695 Sis
220 2619 377 2691 nuncin
388 2617 492 2687 terris
503 2616 574 2687 vito
592 2641 673 2689 meu
693 2642 758 2712 per
772 2619 873 2691 verbi
884 2622 938 2692 tui
958 2623 1166 2702 irradiatio·

98 2755 185 2802 nem
200 2742 236 2800 et
248 2726 435 2812 ardorem,
453 2724 569 2795 donec
581 2748 647 2819 per
661 2738 760 2797 tuam
773 2729 959 2800 essentiam
968 2783 985 2817 ,
1001 2758 1085 2830 quae
1099 2763 1167 2812 ve.

98 2839 184 2911 ritas
203 2849 240 2911 et
254 2834 403 2909 charitas
423 2845 498 2921 est,
514 2855 594 2904 mea
608 2831 656 2905 sis
677 2833 718 2906 in
740 2834 828 2909 ooelo
843 2848 976 2912 eterna
984 2839 1165 2947 beataque

100 2948 184 3020 vita.
