2520 4440
102 203 156 255 192
403 197 600 253 EPISTOLAE
620 198 669 249 AD
684 195 868 273 Ronanus

838 482 841 488 ·
1191 468 1194 527 l

171 608 1095 734 anlnrstscarntsnaciutouann.
1188 530 1194 641 ⁴

106 973 146 1068 lu
158 1013 270 1068 duobus
281 1013 504 1079 praecedentibus
516 1014 670 1080 capitibus,
684 1014 848 1085 charitatem
857 1022 925 1077 erga
935 1009 1091 1076 proximum
1098 1009 1145 1060 nul

105 1097 189 1150 toties
197 1096 400 1149 commendavit
410 1096 575 1171 Apostolus,
590 1097 619 1149 in
629 1098 683 1151 boc
697 1095 832 1164 quasdam
842 1091 1039 1156 dissidiorum,
1050 1091 1148 1143 charita-

106 1181 141 1232 tis
153 1178 368 1243 offensivorum,
382 1191 481 1232 causas
493 1180 645 1246 componit.
801 1228 804 1235 ,

141 1267 180 1316 Ex
192 1261 295 1318 tudaeis
307 1262 451 1326 conversi,
465 1267 492 1314 et
501 1262 530 1314 in
542 1262 597 1316 lide
610 1263 702 1317 adhuc
714 1263 828 1326 infirmi,
838 1262 919 1315 cibos
928 1265 957 1316 et
969 1259 1032 1312 dies
1041 1256 1149 1325 1111110-

107 1360 168 1411 gem
180 1345 328 1399 ldosaicam
339 1344 537 1407 observabant,
550 1350 578 1398 et
590 1347 711 1400 Gentiles
726 1358 896 1407 conversos,
908 1342 948 1396 ob
960 1343 1079 1396 istorum
1086 1339 1150 1392 inob-

107 1426 459 1493 servantiamjudicabante
472 1427 501 1479 bi
514 1433 607 1480 autem
619 1430 745 1493 Jndaeos,
767 1428 804 1481 ob
814 1428 870 1480 boc
881 1427 992 1492 ipsum,
1007 1431 1151 1478 contemna-

106 1513 173 1564 bant
184 1517 216 1563 nt
227 1510 363 1564 infirmos.
376 1513 433 1562 llos
446 1515 474 1563 et
481 1510 544 1563 illos
555 1511 596 1564 sic
606 1513 698 1579 arguit
707 1513 856 1579 Apostolus
866 1549 874 1576 ,
884 1516 917 1563 ut
928 1514 1066 1576 utrosque
1073 1507 1151 1560 doceat

99 1593 247 1646 'charitatis
265 1595 383 1660 regulas.

141 1677 234 1729 Primo
246 1677 273 1744 1.
286 1677 368 1729 docet
377 1676 517 1728 infirmum
526 1677 542 1730 a
551 1677 724 1731 doctioribus
732 1690 796 1730 cum
804 1677 940 1731 charitate
949 1674 1150 1742 suscipiendum.

143 1759 272 1813 Secundo
283 1759 311 1827 1.
323 1758 447 1811 breviter
454 1761 567 1826 exponit
574 1759 762 1814 altercationis
770 1765 981 1826 argumentum,
991 1756 1070 1824 quod
1077 1767 1151 1822 supra.

143 1843 236 1895 Tertio
251 1842 279 1910 1.
294 1841 334 1894 sic
348 1855 410 1893 eam
423 1843 532 1904 definit,
545 1849 577 1895 nt
591 1857 821 1910 unumquemque
829 1844 859 1896 in
871 1857 922 1896 sua
934 1841 1016 1908 praxi
1024 1841 1151 1906 relinquat

107 1926 260 1978 dummodo
272 1925 434 1978 charitatem
444 1932 553 1978 servent
566 1932 593 1978 et
605 1939 719 1993 paccm3
733 1925 809 1979 docti
817 1939 873 1978 non
885 1929 1021 1991 spernant
1029 1922 1151 1982 infirmos

107 2009 209 2061 infirmi
222 2023 278 2061 non
287 2007 414 2074 judicent
425 2009 533 2061 doctos.

142 2093 202 2160 11.
216 2093 390 2160 1011115.
405 2093 498 2144 multis
517 2093 616 2159 probat
633 2093 774 2146 neminem
790 2093 806 2145 a
823 2093 909 2146 fratre
924 2105 978 2144 suo
989 2089 1153 2158 judicandum

107 2181 166 2227 turn
178 2177 242 2242 quia
254 2175 446 2228 auctoritatem
455 2175 600 2241 judicandi
612 2190 669 2228 non
681 2175 914 2244 1101)οω111,1.1;
928 2180 990 2227 tum
1001 2174 1069 2241 quia
1079 2173 1154 2226 sdan-

107 2260 174 2311 tiam
186 2260 221 2310 ad
232 2258 414 2325 judicandum
427 2259 611 2311 necessariam
623 2272 680 2310 non
692 2259 841 2324 babemus;
855 2273 904 2312 cor
915 2257 1155 2311 fratrisnostrinon

108 2341 253 2393 novimus:
265 2343 352 2392 Deum
364 2341 393 2391 in
410 2342 495 2393 corde
507 2341 655 2408 glorificat,
670 2342 697 2410 1.
712 2344 729 2393 6
736 2359 744 2406 ;
765 2349 824 2394 tum
837 2342 903 2409 quia
914 2341 1020 2394 Christi
1031 2341 1113 2394 solius
1123 2341 1156 2389 est

108 2437 161 2476 nos
169 2422 294 2489 judicare
306 2440 312 2474 :
324 2429 351 2475 et
363 2423 469 2476 Christo
480 2439 537 2477 non
550 2425 685 2478 debemus
697 2425 845 2490 praeripere
859 2424 938 2492 quod
950 2425 1020 2478 emit
1031 2419 1156 2491 sanguinis

109 2507 152 2558 sui
164 2506 266 2573 pretio,
279 2506 306 2573 1.
318 2508 350 2569 9,
364 2519 503 2560 memores
518 2508 611 2574 itaque
623 2508 700 2574 qubd
713 2522 808 2560 coram
817 2509 945 2573 Christo,
960 2507 1157 2566 communion-

108 2589 185 2641 nium
197 2589 315 2641 Domino
328 2595 355 2641 et
369 2589 481 2653 iudice,
496 2591 625 2643 sistamur
640 2589 798 2657 iudicandi,
816 2592 886 2644 alios
900 2605 937 2644 ne
951 2580 1121 2658 judicemus,
1134 2587 1155 2654 1.

107 2675 158 2736 10,
168 2677 199 2724 11
213 2712 221 2735 ,
235 2675 280 2726 aa.

142 2756 170 2823 1.
180 2760 215 2809 15
227 2761 254 2808 01
270 2757 363 2808 multis
372 2756 554 2822 sequentibus
565 2756 705 2810 doctiores
717 2765 825 2824 monet,
837 2765 868 2811 ut
880 2764 1002 2812 caveant
1011 2773 1049 2813 nc
1060 2755 1158 2812 dentin·

108 2838 276 2891 firmioribus
287 2832 447 2891 scandalum
458 2855 466 2902 ;
480 2839 573 2892 nullus
585 2840 699 2906 quidem
711 2841 791 2894 cibus
799 2840 858 2907 jam
872 2842 1039 2895 immundus
1050 2848 1106 2895 est:
1118 2851 1157 2890 ca-

107 2924 188 2971 reant
198 2926 289 2973 tamen
303 2934 338 2972 ne
349 2927 462 2987 propter
475 2921 660 2975 cibumirater
676 2930 787 2989 pereat,
799 2925 827 2992 1.
840 2927 892 2986 15,
908 2937 946 2976 ne
960 2923 1030 2977 dent
1045 2923 1158 2977 occasio·

108 3015 172 3055 nem
183 3002 379 3068 blasphemiae,
392 3003 477 3070 1.16;
491 3003 633 3056 attendant
646 3006 846 3073 quddregnum
854 3007 904 3058 Dei
913 3020 972 3060 non
985 3007 1021 3059 sit
1030 3019 1092 3060 esca
1101 3045 1107 3069 ‚
1117 2999 1158 3055 sall

107 3083 224 3149 ineptia,
238 3099 291 3152 pax
311 3092 338 3137 et
356 3085 491 3147 ebaritas,
503 3087 532 3153 1.
550 3090 596 3138 li.
616 3091 713 3154 ltaque
733 3093 874 3140 sectentur
892 3102 958 3155 quae
974 3096 1042 3142 sunt
1056 3087 1127 3156 pacis
1136 3089 1159 3137 et

107 3168 311 3231 aedificationis,
325 3171 353 3238 1.
364 3173 414 3234 19;
425 3175 540 3222 caveant
550 3184 616 3236 ergo
625 3171 701 3237 quod
714 3172 844 3225 scandalo
855 3171 989 3238 destruit,
1002 3173 1090 3242 1.10;
1102 3181 1159 3238 prat·

109 3256 194 3303 staret
204 3265 234 3302 re
248 3251 321 3303 licita
332 3266 389 3304 non
401 3253 455 3317 uti,
473 3265 557 3318 quarn
570 3253 641 3305 illius
652 3267 705 3305 usu
716 3268 815 3320 parere
824 3254 1002 3321 scandalum,
1013 3257 1042 3325 1.
1056 3259 1099 3308 11.

143 3333 267 3398 Denique
279 3333 359 3386 docet
370 3334 513 3397 infirmos,
527 3348 562 3386 ne
575 3335 729 3401 quidquam
743 3343 841 3390 contra
856 3338 1062 3392 conscientiam
1074 3338 1156 3406 agani,

109 3416 136 3484 1.
156 3417 201 3480 22,
214 3415 387 3469 1511101010
400 3417 543 3482 exemplo,
557 3417 661 3470 scilicet
677 3418 797 3486 impulsi.
