2520 4440
196 251 365 304 rnlrullx
383 255 607 310 uxroslrlo.
627 257 708 311 CAP.
728 260 784 314 111.
983 262 1019 315 83

88 347 269 399 sermonibus
285 349 357 415 tuis,
371 357 397 403 el
420 350 485 399 lere:
496 351 539 399 Del
553 358 638 401 autem
651 356 813 403 veracitatem
825 366 876 403 non
888 357 957 405 vinci
968 355 1016 404 ho-

74 421 279 492 fimjudicafig,
420 420 520 468 minum
539 420 701 480 infidelitate,
722 425 827 470 testatur
851 422 943 481 David,
962 428 1017 484 post

220 488 223 492 ’
420 489 1017 551 peccatumsuumdlcens:llirereremet,lieus;

420 559 456 604 sic·
467 560 535 605 enim
548 557 590 606 llet
602 562 630 605 ut
641 560 726 617 justus
736 563 761 606 et
770 570 844 607 verax
856 570 975 619 appareas
989 560 1016 608 in

420 627 470 673 tuis
484 629 613 688 promissis
628 626 659 674 de
673 628 743 687 regni
759 629 809 675 mei
823 626 958 676 stabilitate
966 647 974 689 ;
985 628 1016 677 dc

419 693 506 743 llessla
521 707 549 743 ex
560 708 601 744 mc
615 698 752 744 nascituro.
764 694 843 743 Merui
856 693 972 755 equidem
984 695 1017 745 oe

420 765 501 815 scelus
520 779 607 817 meum
628 766 668 815 his
687 767 817 827 promissis
838 764 966 824 frustrari,
991 771 1017 814 et

420 835 505 883 reveri
519 836 633 895 indicant
643 831 757 884 honrlne's
768 840 792 883 te
802 839 931 896 propterea
941 833 1016 884 lldem

420 903 482 951 mihi
492 916 543 952 non
558 906 731 964 servaturum
744 903 786 952 sed
798 915 872 964 parce
883 903 947 950 mihl
960 921 966 950 :
979 903 1016 952 sie

392 996 395 1002 ·
420 971 552 1021 hominum
567 973 662 1033 judicia
683 968 786 1032 noces,
799 975 824 1020 et
839 971 959 1020 illustrior
972 983 1018 1034 ap-

420 1042 516 1102 parebit
527 1041 633 1090 lldelitas
643 1047 695 1091 tua.

74 1108 152 1158 ulem
161 1103 396 1175 iniquilasnosira
450 1110 507 1171 Sed,
517 1113 614 1172 inquis,
626 1115 647 1161 sl
658 1113 701 1160 liet
709 1112 805 1173 iustitia
817 1113 950 1173 spectatior
960 1109 1017 1161 red*

74 1202 83 1240 p
120 1188 171 1240 Dei
205 1190 380 1243 commendat
420 1180 488 1229 ditur
499 1181 632 1229 hominum
649 1182 888 1240 injustitia‚nonne
901 1180 1016 1228 hincce-

74 1266 178 1319 emus?
193 1269 331 1334 Numquid
342 1231 396 1320 ini]
419 1252 506 1310 quitur
517 1248 584 1309 qued
595 1249 660 1296 licus
671 1250 703 1296 sii
718 1249 842 1306 injustus,
853 1247 912 1295 edm
925 1259 1016 1311 pecce-

78 1344 396 1408 lleusquiinfcrtlram?
420 1318 640 1393 t⁰fe⁸1³⁰¹¹i²⁸l³²f
650 1328 712 1379 ‘1⁰⁰³
722 1314 875 1376 3¹⁰s¹fl⁰fl¹¹¹f
883 1314 894 1362 Ρ

74 1418 226 1472 iecunddm
256 1421 397 1474 hominem
450 1417 526 1480 (Noa
546 1418 624 1477 mels,
644 1416 687 1465 sed
706 1415 842 1477 impiorum
865 1412 947 1463 verbis
972 1410 1017 1463 irlc

74 1496 149 1549 lbsit.
172 1498 303 1564 Alioquin
323 1515 394 1566 quo·
420 1485 494 1549 utor)
509 1501 516 1534 ε
532 1487 575 1536 sed
588 1486 653 1535 absit
669 1486 723 1551 lraec
745 1486 821 1546 impia
845 1483 970 1543 cogitatio.
989 1479 1015 1530 Sl

74 1562 201 1629 fldioebst
226 1581 300 1630 Deus
323 1580 397 1633 hunc
420 1557 488 1604 enim
510 1557 621 1615 injustus
634 1560 671 1603 est
691 1549 905 1615 licus,qu0mcdo
926 1560 1015 1612 supre-

74 1653 107 1704 np
420 1639 477 1674 mus
491 1627 540 1673 erit
553 1625 629 1686 hujus
644 1623 734 1673 mundi
747 1623 848 1684 juderi

81 1733 158 1784 enlm
179 1733 282 1786 veritas
300 1735 350 1787 Dei
368 1736 396 1787 in
449 1729 512 1776 Nam
535 1730 570 1788 sl,
587 1728 707 1787 inquiunt
727 1726 812 1787 impii,
828 1724 951 1789 veracitas
970 1723 1014 1771 liei

74 1812 182 1864 indacio
200 1813 352 1866 abundavit
368 1816 395 1866 j„
420 1811 463 1858 per
486 1809 571 1845 meum
592 1799 724 1858 peccatum
740 1794 831 1844 clarior
852 1797 878 1842 et
893 1793 1015 1843 illustrior

74 1888 165 1955 ipsius
175 1907 182 1941 ε
193 1891 262 1955 qnid
271 1874 361 1944 adhuc
370 1899 396 1945 el
419 1869 536 1948 apparet;
558 1878 605 1913 cur
625 1876 685 1924 030,
700 1867 822 1924 tanquam
835 1866 958 1949 ⁸peccator
970 1864 1015 1925 ju-

74 1979 157 2032 quam
175 1974 306 2032 peccam
318 1968 396 2034 judi·
419 1937 489 1984 dicor
499 1970 507 1994 ‚
518 1933 689 1993 condemnor‚
702 1936 727 1981 et
737 1934 847 1994 punlorl

74 2238 188 2287 rsclturo.
202 2237 264 2286 Vide
279 2240 425 2301 paraphras.
440 2247 462 2290 et
474 2242 560 2290 vincas
576 2241 632 2290 crim
642 2240 785 2302 judicum
798 2241 824 2299 et
833 2238 1016 2297 consequenter

74 2318 138 2355 ncas
151 2309 179 2355 in
190 2308 305 2368 Judicio;
318 2323 361 2358 seu
371 2313 459 2360 vincas
467 2312 565 2371 judicia
576 2313 709 2360 temeraria
718 2310 869 2368 hominnm,
883 2318 939 2368 que
952 2317 1016 2367 prae·

74 2387 108 2436 ze,
119 2376 151 2424 ob
165 2383 269 2438 peccata
283 2392 353 2438 mea,
365 2380 440 2429 iidem
453 2382 516 2430 mihi
534 2395 584 2430 non
597 2385 765 2429 servaturum.
775 2379 860 2427 Vincit
870 2379 897 2425 ln
908 2374 1015 2436 judicio¹

74 2450 204 2506 supparet
217 2448 242 2494 in
253 2446 296 2495 lite
303 2467 310 2507 ;
319 2451 407 2497 uinces
416 2449 473 2509 ergo
484 2488 490 2510 ‚
503 2455 527 2498 et
538 2450 567 2498 ed
574 2452 654 2511 magis
661 2453 745 2510 justus
755 2453 780 2497 et
787 2446 866 2496 tidelis
875 2444 1014 2508 apparebis,

74 2519 200 2563 reecatum
212 2527 298 2565 meum
310 2517 390 2566 lactus
401 2531 457 2566 sum
468 2521 597 2580 promissis
609 2521 659 2566 inis
674 2517 810 2578 indignior.

74 2588 89 2632 i.
107 2583 202 2632 Paulus
221 2585 278 2633 vult
297 2587 380 2635 dicere
400 2587 466 2647 quod
483 2587 645 2636 incredulitas
658 2586 802 2634 ludaeorum
814 2585 857 2631 liei
869 2583 1020 2632 fidelitatem

74 2666 96 2701 m
108 2666 161 2700 non
173 2654 260 2700 reddet
271 2657 384 2713 inanem,
398 2656 440 2703 sed
454 2658 479 2702 et
492 2654 663 2704 illustriorem.

74 2739 146 2784 aetem
158 2735 282 2796 iniquiter
296 2741 412 2785 costra...
423 2736 506 2786 Altera
515 2737 623 2796 objectio
635 2750 664 2786 ex
680 2735 770 2785 ultima
782 2736 943 2798 responsione
954 2747 1015 2787 nes-

74 2805 211 2867 peccatum
227 2804 344 2864 Davidis,
357 2809 405 2854 etc.
418 2809 438 2854 si
458 2806 622 2855 incredulitas
640 2807 784 2855 iudeorum
795 2809 868 2865 ‚etc
886 2807 911 2853 et
924 2817 1014 2865 conse-

74 2871 233 2934 ra‘iciquitcs
249 2880 336 2921 nostre
348 2872 476 2933 justitium
493 2875 554 2932 Dei,
571 2887 615 2922 seu
627 2874 774 2923 fldelllatem
787 2873 829 2922 Dei
848 2873 938 2923 reddit·
944 2872 1015 2923 illue·

74 3013 111 3061 rid
120 3011 224 3071 iniquus
234 3015 268 3058 est
281 3011 459 3061 lleurlnonne
472 3013 585 3072 sequltur
599 3012 667 3073 qudd
676 3013 741 3062 lleus
753 3025 802 3062 non
816 3016 899 3075 posset
910 3014 965 3063 sine
976 3014 1015 3062 lu-

74 3086 205 3132 eoeatorcs
222 3081 336 3141 punirer
346 3082 421 3142 punit
437 3085 506 3130 enim
520 3095 564 3143 per
579 3095 642 3143 quos
653 3083 814 3143 glorificatur.
858 3105 864 3110 ·
915 3124 920 3132 .

74 3163 162 3213 raddm
182 3163 308 3211 hominem
327 3164 391 3212 dico.
409 3163 446 3212 Ne
457 3154 514 3225 orris
526 3164 573 3214 hoc
590 3164 709 3225 loquendi
729 3165 803 3214 modo
817 3140 1013 3228 scandalizetur,

74 3232 268 3283 rdd'homlnum
279 3235 320 3294 ,et
336 3234 438 3293 quidem
448 3237 588 3282 errantium
599 3247 685 3295 more,
695 3234 812 3295 loquatur
824 3253 832 3284 ε
843 3235 914 3298 Absit
925 3255 934 3284 .·
946 3235 1015 3285 elio·

74 3303 148 3353 modo
151 3336 200 3353 .....
213 3304 272 3362 quia
283 3302 415 3352 manifeste
431 3302 569 3352 absurdum
583 3303 698 3365 estquod
710 3303 840 3363 objicitur,
861 3304 922 3353 satls
938 3303 1015 3355 habet

74 3386 120 3433 re,
140 3372 209 3434 quod
227 3373 248 3420 si
265 3371 330 3420 Deus
348 3369 412 3421 esset
432 3375 555 3433 injustus,
568 3373 694 3422 mundum
714 3376 765 3421 non
782 3376 864 3434 posset
874 3373 1013 3437 judicarer

74 3444 165 3494 dimus
181 3454 269 3491 omnes
280 3442 348 3502 qudd
358 3443 424 3492 Deus
435 3447 473 3492 est
481 3445 559 3505 judex
570 3444 659 3492 mundi
675 3463 681 3492 ε
698 3442 756 3504 ergo
769 3448 794 3492 et
809 3442 876 3504 qudd
890 3445 982 3504 justus.

74 3512 221 3563 uiemratio
233 3511 354 3561 curileus
372 3504 438 3572 juste
457 3515 547 3576 puniet
567 3517 741 3576 peccatorem,
762 3512 862 3561 dabitur
880 3526 907 3561 n.
927 3514 950 3561 e.
969 3510 1013 3561 ubi

74 3585 160 3644 ricello
174 3585 308 3643 repetetur.
546 3604 549 3608 ·
663 3583 667 3591 '
943 3600 946 3607 ·

74 3665 130 3713 reim
141 3664 236 3713 veritas
247 3664 300 3714 Dei.
312 3663 423 3713 Priorem
435 3662 600 3725 objectionem
610 3679 636 3715 n.
646 3666 669 3714 5.
680 3665 772 3715 lectam
782 3668 853 3725 unget
866 3662 1014 3715 clarioribus

74 3733 95 3783 li
107 3733 221 3793 veritam
235 3731 260 3780 id
277 3734 326 3791 est,
339 3735 460 3781 veracitas
472 3734 687 3791 ematuruerit,
698 3733 724 3783 id
739 3741 788 3794 est,
799 3733 890 3782 clarior
903 3736 928 3782 et
943 3731 1015 3783 illus-

74 3807 100 3853 ta
115 3805 154 3851 est
167 3814 213 3863 per
233 3813 319 3848 meum
336 3801 513 3863 mendacium,
526 3815 569 3851 seu
584 3815 628 3864 per
638 3808 770 3865 peccatum
789 3815 890 3862 meum;
905 3814 950 3852 cur
969 3813 1013 3861 ego

82 3872 256 3930 condemner,
268 3873 292 3919 et
301 3873 393 3932 punior
405 3879 525 3938 tuaquom
533 3877 669 3938 peccator?
679 3873 790 3924 Assumit
802 3873 828 3920 in
842 3883 868 3921 se
880 3881 1013 3937 personam

74 3956 100 3996 ‚8-
