2520 4440
348 254 516 309 uniriux
536 257 761 313 expositio.
781 261 862 314 clu.
882 263 915 314 Χ.
1108 260 1163 318 ¹53

97 343 291 415 insipientem,
306 347 336 402 in
347 349 416 404 iram
425 366 474 406 ros
483 353 544 404 mit·
564 351 596 401 ad
608 353 731 402 invidiam
742 359 769 403 et
783 354 815 404 ad
831 357 898 404 iram
911 354 1022 406 incitabo
1031 368 1076 420 per
1094 357 1163 408 Geo-

97 428 168 475 pm
565 420 638 480 tiles,
656 424 770 483 quinon
789 423 892 474 luerunt
910 424 1033 476 hactenus
1052 429 1161 490 populus

565 502 650 550 meus,
663 493 687 539 et
698 493 742 551 qui
752 491 875 549 hactenus
882 495 1029 555 insipienter
1035 497 1163 557 viruerunt,

483 560 485 567 ’
566 554 631 605 idaia
650 556 726 607 stulte
740 558 869 622 uolentes;
883 560 926 610 sed
937 574 1000 622 quos
1011 562 1043 611 ed
1055 563 1163 615 salutern

565 636 610 686 per
622 624 751 687 Apostolos
761 628 872 689 vocabo,
886 633 911 677 et
927 629 958 678 ob
976 642 1085 690 quorum
1101 645 1163 683 eon·

565 695 706 746 versionem
714 695 746 744 ad
754 696 953 757 indignationem
962 698 1162 751 eoncitablrnlirl.

133 753 181 806 20.
200 753 288 813 isaias
300 757 501 823 autemeudet,
516 768 542 812 et
595 760 672 810 isaias
689 767 775 812 autem
793 764 903 826 tioysem
926 767 1044 824 secutus,
1060 766 1160 819 iudeo·

98 828 168 882 dicit
187 848 196 883 :
212 835 344 887 mmm,
366 849 429 888 sum
449 835 466 888 p
485 851 542 889 „011
565 841 623 877 rum
634 830 756 880 eliensem
768 845 820 882 noa
836 836 947 893 veritus,
959 835 1046 899 aperte
1062 834 1125 886 dicit
1135 838 1163 886 in

98 908 293 971 quaeoenfibus
306 924 352 963 me
370 911 480 977 mlpm
494 927 544 978 ap,
565 898 776 959 persone-Ghrlsti
791 919 797 950 r
811 901 932 951 inventus
947 914 1005 950 sum
1022 915 1068 964 per
1084 902 1162 955 iidem

97 982 182 1047 parui
193 983 230 1037 fis
243 985 292 1052 qui
302 1000 347 1040 me
358 1001 416 1040 non
426 986 543 1042 immo,
564 966 901 1050 dGcntilibus3oui-menou
910 969 1163 1034 querebant;palim

98 1058 214 1126 gabant,
565 1047 609 1116 per
621 1035 748 1097 Evangelii
764 1039 814 1086 mel
832 1038 1037 1100 predicationem
1057 1041 1162 1103 apparui

566 1103 702 1223 slrlrlisebgrsds'
710 1106 755 1166 qul
769 1116 823 1156 non
838 1118 896 1167 me,
909 1107 955 1158 sed·
967 1106 1034 1157 idoia
1045 1121 1091 1159 sua
1102 1121 1164 1161 con-

133 1233 181 1284 ut.
197 1231 240 1289 Ad
250 1233 336 1288 israel
344 1240 444 1290 ,autem
456 1237 541 1292 dicit:
596 1241 630 1291 lie
643 1241 733 1294 israele
742 1247 828 1307 autem
844 1203 910 1296 idem
922 1199 999 1296 iosias
1014 1249 1041 1297 in
1056 1212 1163 1309 persone

99 1309 543 1385 Totddieexpandrmanusmeas
565 1311 659 1363 Christi
683 1313 770 1363 dicit:
795 1314 857 1367 Toto
878 1315 919 1364 die
943 1315 1051 1381 expandi
1066 1330 1164 1367 manus

96 1386 134 1440 ad
144 1387 283 1454 populum
294 1403 351 1443 „011
365 1392 541 1460 credentem,
566 1393 635 1430 meas
642 1380 675 1431 ed
686 1381 810 1444 populum
820 1383 1031 1447 incredularum
1040 1383 1164 1436 obstinue

97 1472 126 1520 et
141 1467 392 1523 contradicentem·
566 1450 629 1499 mibi
639 1453 864 1503 contradicentem.

99 1566 1165 1594 Μ

97 1624 273 1675 damnationis
283 1628 394 1688 occasio;
403 1627 566 1680 humiliemus
577 1643 623 1681 nos
634 1631 666 1681 ob
677 1631 850 1691 infidelitatem
860 1635 972 1690 nostram
980 1653 989 1695 r
997 1635 1091 1696 gratias
1103 1610 1163 1696 aga-

96 1707 158 1743 mus
169 1693 221 1743 lieo
234 1693 266 1745 ob
276 1693 384 1745 allorum
395 1701 554 1748 sanctitatem
568 1703 592 1748 et
603 1699 766 1762 fidelitatem
779 1703 865 1764 sicque
875 1694 984 1753 'aliorum
995 1704 1163 1772 sanctimonie

97 1765 193 1813 noemae
207 1764 379 1814 conversionis
390 1769 415 1814 et
426 1767 631 1818 sanctificationis
643 1771 691 1818 erit
702 1771 810 1819 occuslo.
1001 1770 1007 1778 ⁴

128 1847 170 1896 20.
182 1844 266 1895 iscius
278 1851 362 1896 ouwm
373 1848 448 1898 audet
463 1854 485 1898 ei
495 1850 594 1899 dicit...
607 1849 718 1900 Tandem
727 1863 758 1901 ex
770 1851 834 1901 isaia
845 1851 934 1917 probat
946 1849 1016 1919 qudd
1027 1821 1163 1914 aliquunde

97 1912 266 1962 convertendi
277 1918 350 1964 erant
360 1914 469 1966 Gentiles
481 1935 488 1966 ε
499 1917 578 1966 tudaei
593 1921 679 1967 autem
695 1917 841 1968 indurandi.

128 1981 259 2030 Audacter
274 1985 345 2032 enim
362 1988 387 2033 et
397 1985 487 2046 iibere,
499 1985 645 2036 iudaeorum
657 1985 778 2036 eliensem
797 1999 848 2037 non
862 1986 1048 2057 veritus,dlcit
1066 1988 1093 2035 in
1105 1996 1164 2049 per-

100 2059 165 2098 sona
178 2049 273 2100 Gbristl
289 2051 321 2100 de
331 2051 451 2104 Gentibus
465 2068 472 2101 ι
731 2112 735 2122 ι
904 2118 909 2127 ,
1132 2094 1135 2099 a

128 2129 249 2175 iocentur
260 2135 318 2175 sum
326 2165 334 2185 ,
343 2127 391 2177 ilde
402 2129 498 2179 scilicet
509 2142 539 2179 ex
548 2129 637 2179 auditu
650 2128 825 2192 Apostolorum
837 2127 958 2191 concepti
970 2147 977 2178 r
988 2128 1004 2177 i
1014 2126 1164 2187 Gentilibus,

97 2196 142 2255 qui
153 2196 208 2244 suis
218 2193 293 2244 idolis
304 2198 410 2264 intenti,
425 2211 472 2248 nee
486 2198 516 2248 de
527 2211 568 2248 me
579 2199 735 2261 cogitabant,
748 2211 796 2248 neo
809 2210 850 2247 me
861 2197 1014 2265 querebant.
1125 2236 1128 2243 .
1141 2262 1145 2272 ἱ

128 2268 227 2318 Potdm
240 2271 354 2331 apparui
365 2292 374 2321 .-
386 2270 429 2321 Gr.
446 2267 598 2340 oonsplou'us
614 2272 695 2322 iactus
709 2286 783 2335 snm5
799 2271 909 2330 scilieet,
927 2282 972 2333 per
989 2267 1166 2331 Apostolorum

97 2338 311 2401 pradicationem
323 2338 372 2389 illis
385 2341 445 2405 lpsIs
455 2341 609 2403 Gentilibus,
623 2345 667 2406 qui
678 2355 730 2393 non
741 2354 798 2403 me,
809 2342 853 2393 sed
863 2340 929 2393 idola
940 2352 985 2389 sua
995 2337 1128 2389 consulere
1141 2341 1166 2387 et

97 2411 257 2470 interrogare
273 2408 395 2458 solebant.

127 2479 203 2528 lianc
220 2479 344 2528 habemus
360 2479 408 2528 lieo
422 2482 544 2542 gratiam,
560 2495 606 2532 nos
621 2485 664 2544 qni
679 2483 710 2533 de
725 2482 864 2532 Gentilium
880 2491 989 2529 numero
1003 2488 1167 2537 sumus;nos

96 2550 152 2611 lpse
166 2548 303 2610 quesivit,
316 2547 378 2598 dum
391 2549 423 2598 ab
433 2562 463 2598 eo
476 2563 576 2601 eramus
590 2553 671 2600 aversi
686 2570 693 2600 ι
708 2551 781 2600 nobis
794 2562 848 2598 sese
864 2547 1047 2604 manifestavit,
1061 2545 1123 2593 dum
1136 2543 1168 2592 de

96 2631 127 2669 eo
139 2632 173 2668 ne
185 2619 359 2680 cogitabamus
370 2621 471 2682 quidem
482 2641 489 2672 ε
502 2621 546 2671 sed
556 2622 588 2672 ad
599 2622 659 2684 quid
671 2633 717 2670 nos
729 2621 859 2682 quesivit,
871 2623 896 2667 et
907 2617 1025 2681 apparuit
1039 2615 1127 2662 nobis?
1139 2618 1168 2694 ut

96 2689 180 2739 salvet
193 2701 256 2749 nos,
271 2693 301 2738 ut
317 2702 368 2739 suar
385 2689 456 2740 iaciei
472 2690 673 2741 manifestatione
685 2691 762 2741 iaciat
773 2691 800 2739 in
814 2692 938 2738 aeternum
954 2686 1048 2735 beatos.
1063 2681 1082 2732 0
1096 2681 1169 2730 bonr-

96 2761 154 2808 tas!
167 2757 183 2807 d
200 2756 376 2808 misericordia
389 2759 481 2810 eterne
495 2761 634 2822 gratiarum
646 2762 746 2810 actione
759 2758 851 2820 digna!

128 2845 171 2892 21.
184 2842 225 2891 Ad
237 2840 319 2890 irruet
333 2842 503 2892 autemdicit:
518 2842 579 2891 Toto
592 2843 640 2892 die.
651 2840 694 2891 Gr.
705 2842 786 2889 totam
796 2838 865 2887 diem
874 2873 881 2896 ,
890 2839 939 2886 eto.
951 2836 986 2884 ile
996 2831 1074 2914 isreel
1082 2835 1168 2882 autom

96 2910 167 2960 idem
187 2910 267 2960 isaias
286 2912 313 2958 in
332 2922 436 2972 persona
450 2911 543 2961 Christi
556 2912 636 2962 dicit:
651 2909 724 2959 Omni
738 2909 793 2966 die,
803 2904 940 2968 perpetuo,
952 2897 1151 2964 frequentissime
1159 2919 1167 2959 ς

97 2984 151 3029 toto
162 2979 226 3028 vitae
244 2989 309 3026 meae
323 2981 449 3040 tempore,
461 2981 569 3042 ccpoodi
585 2992 676 3028 monam
693 2989 762 3026 meur
770 2994 780 3039 ,·
794 2986 839 3037 per
851 2984 936 3021 meam
954 2974 979 3020 et
993 2969 1168 3032 Apostolorum

96 3060 219 3097 meorum
237 3045 456 3109 praedioetionem,
469 3061 515 3111 per
535 3048 635 3098 infinita
651 3044 789 3103 miracula,
804 3042 819 3091 A
833 3043 913 3090 meet
927 3039 942 3086 a
957 3040 1021 3118 meis
1032 3037 1107 3087 lecta.

127 3118 216 3167 Potest
233 3117 313 3165 etiam
328 3117 432 3178 intelligi
448 3117 478 3166 de
494 3119 637 3167 extensione
653 3125 779 3164 munuum
794 3110 888 3160 Christi
904 3108 1036 3156 morientis
1051 3107 1078 3156 iu
1094 3115 1169 3155 eruce

95 3198 144 3251 pro
156 3183 257 3248 populo
274 3185 339 3244 isto,
353 3183 444 3233 Christi
458 3186 577 3235 carniiioe
592 3187 618 3234 et
632 3183 755 3232 occisore.

127 3254 162 3304 At
172 3252 289 3318 populus
299 3252 400 3303 iudeus
412 3254 444 3302 ad
456 3254 511 3304 baeo
525 3256 610 3304 omnia
624 3264 677 3301 non
688 3248 837 3307 attendens,
847 3242 989 3327 incredibili
1002 3241 1169 3291 obstinatione

96 3324 183 3374 noluit
193 3322 301 3375 credere
309 3321 376 3383 miso
384 3324 533 3373 contradixit
543 3327 567 3373 et
575 3322 675 3373 Girristo
684 3323 710 3369 et
719 3316 854 3380 Discipuiis
862 3315 966 3374 erueret
973 3311 1026 3360 baec
1036 3307 1169 3359 obstinatio

96 3393 204 3444 illorum
219 3391 370 3454 perditionis
381 3396 418 3441 est
429 3405 514 3443 causa.
861 3450 869 3468 .
904 3451 909 3462 Ι
1101 3437 1153 3486 adi

126 3463 189 3512 ilaec
200 3460 352 3518 audientes,
369 3460 529 3510 attendamus
544 3459 576 3509 ad
592 3471 639 3507 nos
655 3459 737 3519 ipsos;
751 3464 836 3502 nonne
851 3449 944 3499 tirrrstl
958 3456 1049 3495 manus
1064 3444 1120 3551 tot¹
1155 3449 1169 3484 e

96 3534 158 3580 sunt
172 3529 208 3579 ad
227 3541 277 3578 uos
290 3532 380 3589 apertae
391 3566 397 3588 ‚
408 3528 441 3577 ad
453 3527 566 3577 dandum
582 3526 672 3584 nobis,
687 3523 719 3571 ad
731 3518 912 3584 protegendum
927 3527 989 3573 nos,
999 3512 1031 3560 ad
1045 3508 1113 3618 recip
1122 3515 1169 3618 er}⁰

96 3601 161 3650 dum
178 3611 233 3648 nos
245 3600 273 3646 ln
290 3598 348 3646 sinu
364 3597 558 3656 misericordiae,
573 3595 605 3644 ad
621 3605 699 3655 quem
713 3592 804 3647 vocat,
819 3589 940 3646 cujusquo
953 3584 1020 3631 viam
1031 3583 1140 3686 monsrtare
1157 3605 1163 3619 .

96 3669 145 3718 Sed
156 3669 229 3718 heul
243 3678 330 3715 nonne
344 3667 436 3716 tudaeis
450 3668 614 3728 ingratiores,
626 3662 728 3711 Ghrisio
743 3656 834 3714 eorde,
846 3653 958 3703 moribus
970 3651 994 3697 et
1006 3643 1056 3694 vite
1068 3651 1115 3687 con
1127 3650 1170 3752 llal-

96 3737 236 3787 dioimns?
250 3746 336 3783 nonne
347 3733 412 3783 dona
426 3737 512 3796 gratie
523 3728 731 3782 contemnimus?
748 3734 833 3774 nonne
847 3722 925 3784 ipsius
940 3712 1059 3765 auxilium
1069 3716 1127 3765 repe
1155 3729 1170 3740 -

97 3808 288 3855 musinonne
302 3804 482 3853 misericordiis
500 3800 652 3851 abutimur?
1014 3845 1021 3892 l
1068 3835 1175 3886 amum·

128 3875 285 3925 Timeamus
296 3885 354 3934 ergo
367 3885 400 3923 ne
413 3871 517 3922 iliorum
528 3867 721 3919 damnationem
735 3861 886 3913 sentiamus,
897 3848 1003 3912 quoruin
1023 3851 1067 3902 ugr

99 3957 161 3997 nem
176 3944 324 3994 imitamur.
