2520 4440
334 270 504 324 nutetux
521 270 746 324 uxuosimo.
767 271 849 324 GAP.
870 273 919 325 xi.
1105 272 1157 325 587

123 362 169 414 32.
194 363 265 415 bum
290 361 451 430 judicamur
482 378 535 419 au·
587 364 652 413 bum
666 366 703 414 sic
719 367 806 412 tamen
825 366 964 426 punimur,
983 361 1032 414 hac
1054 365 1158 423 castiga-

89 441 163 510 tenp,
182 437 329 493 dliomipo
349 441 533 507 corripimur,
558 434 626 482 tinne
637 432 768 483 erudimur
776 435 847 482 'sicut
863 436 951 495 pueri;
966 436 995 482 ut
1010 431 1155 495 emendati,

88 520 119 566 nt
131 528 265 568 nonaum
273 515 328 570 hoc
342 517 537 570 mundodam.
559 514 609 551 uon
628 501 779 552 damnemur
796 514 855 552 eum
873 501 1026 552 infidelibus.

88 605 200 646 nemus.

122 675 169 725 55.
195 674 310 740 ltaque,
340 673 440 728 iratres
462 674 535 738 mei,
589 669 757 732 Quapropter,
769 668 858 718 tratres
874 667 1156 727 mei,c1imadliorni—

87 746 154 800 clrm
177 751 334 804 convenitis
355 751 394 804 ad
417 752 537 804 mandu.
560 742 643 789 nicam
661 740 764 789 Canem
780 738 983 789 manducandam
1000 740 1157 798 convenitis,

85 825 535 896 candumdnvioemexspecmoe·
561 812 589 857 ut
600 808 659 858 rere
674 810 707 857 sit
722 809 853 857 Dominica
874 810 898 855 et
919 807 1062 855 communis
1075 807 1157 855 omni·

561 878 621 940 bus,
635 893 680 930 vos
698 882 809 930 invicem
824 881 972 941 exspectate.

117 1037 159 1084 32.
173 1033 441 1096 barolitanenses...
457 1037 558 1088 Solatur
572 1053 614 1090 eos
630 1043 657 1090 in
671 1041 852 1102 temporalibus
871 1042 912 1090 bis
925 1040 1033 1103 prauisa
1050 1039 1101 1088 lieo
1113 1040 1156 1088 in-

85 1102 166 1153 dictis
178 1139 185 1163 ,
197 1114 309 1153 asserens
324 1103 488 1156 medicinales
499 1120 568 1170 esse,
582 1113 607 1158 et
621 1109 636 1158 d
650 1109 700 1158 lieo
711 1146 718 1168 ,
730 1114 853 1170 tanquam
864 1115 954 1172 patre,
966 1111 1094 1158 immissas
1104 1144 1111 1168 ,
1123 1107 1157 1156 ad

85 1183 180 1222 aarum
192 1171 321 1234 spirituale
336 1173 447 1224 bonnm.

117 1240 187 1290 lium
200 1241 360 1302 corporaliter
376 1243 391 1291 a
405 1243 511 1294 Domino
524 1234 663 1307 punimur,
677 1247 858 1307 castigatione,
873 1250 995 1307 tanquam
1008 1244 1054 1294 tilii
1069 1243 1156 1294 erudi-

85 1322 154 1429 ffi
164 1310 266 1428 ῗέιιιιιι
276 1313 301 1360 et
313 1311 328 1359 a
340 1311 488 1374 poemenem
503 1310 532 1362 nl
541 1313 677 1375 emendati,
688 1326 740 1363 non
752 1314 904 1364 damnemur
920 1315 947 1362 in
962 1317 1085 1363 aternum
1096 1326 1155 1363 cum

97 1393 117 1429 n
154 1391 187 1428 er
208 1392 247 1429 us.

120 1465 161 1512 33.
179 1459 266 1524 rupae
277 1461 369 1524 fratrea
384 1463 464 1513 mei...

118 1529 194 1582 Redit
205 1530 237 1579 ad
247 1530 341 1593 agapes
352 1568 359 1591 ,
370 1532 385 1580 a
395 1533 487 1592 quibus
498 1532 531 1582 ad
543 1536 767 1596 communionem,
783 1547 839 1596 quae
858 1548 947 1586 earnm
959 1538 1013 1585 erat
1025 1547 1083 1596 pars
1096 1545 1155 1597 pos·

86 1605 188 1659 meme,
207 1597 347 1649 deflexerat.
359 1599 420 1649 Vide
432 1613 508 1663 supra
522 1616 549 1651 n.
566 1605 613 1663 20,
634 1608 659 1652 et
672 1608 752 1653 totam
770 1618 824 1653 rem
840 1604 907 1654 hauc
923 1604 1090 1662 concludens,
1103 1607 1155 1651 stn-

86 1673 140 1721 tuit
153 1668 216 1730 quid
228 1671 255 1717 ln
272 1669 444 1731 clangendum
458 1673 506 1730 sit,
522 1671 555 1719 ad
571 1672 775 1732 supradictorum
795 1675 923 1722 abusuum
941 1674 1154 1723 reformationem.

119 1737 241 1798 Scilicet,
251 1741 280 1787 nt
295 1749 383 1787 eornm
396 1750 466 1786 coenn
479 1739 537 1787 vere
549 1737 681 1788 Dominica
694 1743 743 1800 sit,
755 1746 780 1790 et
791 1743 909 1791 omuibus
921 1744 1077 1800 communis,
1090 1751 1156 1802 prae·

87 1807 181 1858 scribit
193 1809 222 1855 ut
232 1819 285 1855 sese
303 1807 413 1855 invicem
426 1811 569 1868 exspectent
582 1826 588 1856 ι
601 1808 717 1857 concedit
728 1813 813 1858 tamen
828 1814 870 1868 nt,
883 1812 904 1858 si
916 1813 972 1871 quis
986 1810 1093 1866 esuriat,
1107 1821 1155 1856 nec

85 1878 171 1941 possit
183 1874 216 1924 ad
227 1888 356 1938 vesperam
369 1876 471 1934 jejunus
492 1881 649 1937 exspectare,
662 1877 730 1926 domi
751 1892 802 1927 sum
817 1879 944 1939 corrodat,
959 1891 1011 1927 non
1030 1879 1057 1925 in
1073 1877 1155 1926 eccle-

86 1947 144 2006 sia3
160 1955 192 1993 ne
205 1942 272 2004 qnod
285 1943 435 1992 adsalutem
450 1945 598 1992 institutum
616 1951 670 2005 est,
692 1945 736 1994 liat
749 1938 846 1993 occasio
864 1945 1051 2003 damnationis,
1067 1942 1108 1991 vel
1123 1943 1154 1991 ob

87 2013 191 2078 gulam,
205 2013 245 2062 vel
259 2013 290 2062 ob
306 2013 466 2076 superbiam,
484 2017 508 2061 et
524 2026 663 2077 pauperum
679 2019 863 2076 contemptum.

120 2083 154 2132 lit
167 2083 239 2142 hnc,
254 2084 344 2142 inquii,
357 2095 426 2131 nunc
441 2081 576 2142 sufficiant,
590 2087 681 2132 caetera
690 2083 723 2132 ad
736 2083 791 2133 haec
806 2083 972 2144 pertinentia,
989 2079 1049 2130 edm
1065 2080 1097 2130 ad
1111 2092 1155 2130 vos

87 2164 185 2203 venero
197 2189 204 2211 ,
218 2152 388 2214 praescribam.

88 2269 265 2322 corollarium
278 2268 388 2330 pietatis,
403 2282 445 2317 see
454 2268 482 2318 iu
498 2268 543 2318 linc
559 2283 615 2330 cap.
633 2272 672 2319 it.
686 2271 720 2319 nd
738 2270 855 2332 pietatem
872 2266 1157 2326 incalculantium&

473 2340 629 2402 eupraxiae
649 2341 795 2402 redipeude.

120 2441 359 2493 Pn1u0.-Notent
377 2439 492 2500 Prolati,
511 2439 580 2501 qudd
596 2441 663 2489 sicut
674 2440 789 2490 Christus
800 2441 938 2500 bominns,
954 2451 1069 2488 summus
1086 2436 1156 2487 altis-

86 2515 152 2564 simi
166 2512 209 2560 liei
223 2510 353 2570 sacerdos,
366 2511 481 2558 omnium
498 2509 661 2560 Praelatornm
674 2516 711 2559 est
725 2511 869 2573 exemplam
887 2512 920 2558 ita
943 2513 968 2558 et
984 2511 1029 2570 ipsi
1041 2507 1155 2567 Pralati,

87 2584 171 2644 hujus
184 2582 277 2629 summi
291 2579 430 2628 Sacerdotis
445 2579 551 2639 vicarii,
565 2580 691 2639 huiusque
705 2579 852 2642 exemplaris
869 2581 1022 2637 imitatores,
1043 2577 1155 2626 subdito-

88 2664 152 2703 rum
168 2661 274 2700 suorum
289 2652 349 2698 sunt
361 2648 529 2710 exemplaria,
543 2648 627 2710 imme
638 2647 699 2709 facti
710 2651 802 2710 crepis.
828 2682 831 2691 ·

122 2719 232 2769 Videant
256 2720 339 2779 linque
360 2717 485 2778 quomodo
504 2717 634 2765 Christum
658 2716 812 2776 Dominum,
838 2713 962 2776 exemplar
985 2727 1076 2772 sunm,
1097 2714 1156 2761 imi-

88 2791 195 2847 tentur3
209 2790 234 2835 et
250 2799 283 2835 an
301 2787 353 2834 suis
369 2785 475 2834 subditis
494 2799 553 2834 cum
568 2783 684 2846 apostolo
697 2785 755 2833 vere
771 2785 855 2833 dicere
874 2785 971 2845 possint
987 2802 993 2831 ι
1016 2782 1156 2831 Imitetores
1190 2826 1193 2833 ,

89 2859 144 2909 mei
155 2859 240 2912 estote,
254 2854 318 2903 aiem
331 2859 353 2902 et
369 2867 412 2914 epo
433 2853 534 2902 Christi.
546 2853 607 2902 Vide
619 2867 645 2901 n.
663 2857 684 2901 1.

123 2939 251 2990 Sucubuc.
261 2961 293 2971 —
303 2935 495 2984 Notentomncs
513 2937 563 2983 tria
577 2937 676 2996 capita,
689 2934 721 2982 ad
735 2945 791 2994 qnae
804 2933 878 2981 divus
890 2931 984 2980 Paulus
999 2943 1101 2979 omnem
1114 2944 1156 2980 rc-

91 3011 168 3060 dnclt
182 3005 381 3065 subjectionem
397 3003 494 3063 Deum,
514 3003 644 3052 Christum
657 3040 664 3062 ,
678 3005 762 3051 viriam
779 3021 784 3050 ι
804 3002 870 3050 Dens
892 3003 967 3062 caput
988 3002 1025 3048 est
1045 2999 1156 3061 Christig

90 3078 210 3129 Christus
221 3077 296 3136 capnt
309 3075 346 3121 est
360 3074 426 3121 viris
441 3073 481 3120 uir
493 3077 568 3134 capnt
580 3070 703 3120 mulieris.
716 3070 777 3118 Vide
789 3084 817 3118 ιι.
832 3073 855 3118 3.

124 3144 215 3196 Videat
226 3145 265 3192 vir
280 3141 361 3205 primii
372 3141 497 3202 quomodo
508 3141 620 3200 Christo,
633 3143 709 3201 capiti
721 3152 783 3199 suo,
794 3139 932 3199 subdatnr;

124 3212 259 3273 Secunde,
270 3210 395 3273 quomodo
408 3213 493 3272 praesit
508 3213 577 3258 uxori
590 3210 637 3258 sibi
650 3209 774 3270 subditae;

125 3284 215 3335 Videat
228 3284 313 3331 antem
330 3280 421 3330 mulier
441 3279 565 3342 quomodo
580 3281 650 3338 viro,
670 3279 811 3341 principio,
825 3277 884 3339 lini,
903 3280 928 3327 et
940 3279 1016 3340 capiti
1031 3289 1077 3326 suo
1096 3278 1157 3327 sub-

93 3357 181 3407 datur.
194 3352 251 3400 llaec
267 3350 347 3399 insitis
362 3350 439 3399 dicta.
453 3349 513 3398 Vide
530 3363 557 3398 u.
572 3351 609 3398 tt.

125 3439 234 3488 Tnario.
245 3460 277 3471 -
286 3433 349 3483 Nota
358 3433 426 3495 qnbd
439 3434 453 3482 a
467 3434 555 3495 primis
568 3428 645 3482 eiiam
657 3430 774 3480 Ecclesia
789 3431 959 3492 temporibus,
973 3443 1013 3480 res
1029 3434 1121 3480 sanctae
1133 3434 1157 3478 et
1235 3448 1239 3453 ·

95 3505 185 3559 sancte
197 3504 334 3562 institniae,
350 3503 443 3551 abeunt
459 3503 594 3562 saepissime
612 3503 639 3549 in
655 3501 777 3558 abusum,
792 3513 819 3549 ιι.
835 3504 872 3548 17.
887 3500 968 3559 Quare
983 3499 1047 3548 Dens
1061 3499 1086 3546 id
1098 3509 1157 3558 per-

96 3577 197 3628 mittite
209 3572 312 3622 ibidem.
326 3571 391 3632 Quid
407 3573 434 3619 in
448 3571 492 3619 tali
504 3584 563 3620 casu
579 3570 723 3619 laciendum
734 3572 745 3617 i’
757 3569 850 3618 ibidem
862 3583 888 3618 ιι.
904 3575 941 3618 17.

126 3657 285 3720 Quaeru-
296 3654 359 3702 Nota
379 3667 405 3701 n.
422 3655 470 3713 at,
490 3653 595 3702 modum
616 3647 801 3701 celebrandi'et
814 3648 1035 3706 communicandi,
1054 3648 1085 3696 ab
1103 3649 1157 3709 ipso
1181 3655 1185 3663 ·

97 3728 200 3780 Christe
218 3724 324 3772 Βοιιιιιιο
344 3724 470 3770 intentum
490 3728 515 3771 et
529 3725 690 3781 institutum,
707 3723 734 3770 ln
748 3733 800 3771 suae
813 3721 909 3771 scilicet
927 3719 1048 3780 paestanis
1062 3728 1160 3764 memo·

98 3800 176 3848 riam
192 3795 262 3843 lianc
276 3793 373 3854 praxlm
390 3791 448 3839 vide
467 3794 494 3840 iu
513 3791 562 3840 ilue
577 3805 605 3840 n.
625 3792 664 3840 24.

128 3878 237 3941 Quiane.
248 3899 281 3910 -
297 3873 359 3922 Nota
376 3873 500 3932 quomodo
516 3873 601 3922 omnia
616 3872 709 3922 realem
723 3871 815 3922 Christi
833 3871 860 3919 in
878 3866 1035 3917 Eucharistia
1047 3878 1158 3928 praesen-

99 3952 165 4000 tiam
176 3945 291 4012 probent.
304 3942 364 3993 ilde
374 3954 402 3992 n.
415 3943 455 3992 25.
