2520 4440
338 262 511 321 Thiauna
528 270 753 324 uxrosiam.
772 271 854 324 ChP.
873 275 924 326 xi.
1110 274 1158 324 air
1188 347 1195 357 .

96 363 144 411 tus
155 362 214 411 est·
220 365 401 428 caputautem
409 363 542 428 mulieris,
567 364 681 413 mulieris
697 368 782 414 autem
797 368 873 427 eaput
885 378 915 415 ao
928 368 1041 428 superior
1052 370 1089 416 est
1100 368 1158 415 vir

97 436 158 490 vir:
171 444 256 505 caput
265 440 330 493 vem
339 440 447 505 Christi
459 444 541 494 Deus
567 433 621 481 sons
632 433 691 482 verb
701 436 783 482 omnis
794 436 976 496 superioritatis
986 438 1023 483 est
1033 435 1106 484 Deus·
1099 438 1160 497 ,qui

567 504 642 549 etiam
654 501 746 550 Christi
760 501 877 561 Domini,
895 505 923 551 ut
941 502 1068 563 hominis,
1077 502 1162 553 Domi·

567 585 614 618 nus
625 583 654 618 ao
666 571 778 631 superior
792 576 838 620 est

131 628 470 684 denominatarum
481 646 544 697 pro-
596 640 660 688 111111
674 642 756 687 omnis
773 641 812 688 vir
830 652 905 689 orans
924 639 1039 701 publice,
1048 637 1088 688 111
1099 640 1160 690 Pro-

97 707 218 774 phetans
228 709 320 762 velato
330 710 435 776 capito,
445 711 542 762 detur·
566 708 677 769 phetiam
692 705 776 767 legens
787 712 812 756 et
822 708 962 770 explicans,
975 721 1019 756 seu
1029 707 1160 756 revelatio-

98 791 145 850 paq
159 790 349 852 capannam,
566 790 610 825 nes
626 777 669 827 Dei
692 775 783 839 populo
804 789 944 838 exponens,
962 774 1043 824 velato
1065 777 1159 837 eapite,

565 846 631 906 quod
643 848 744 907 signum
761 845 924 904 subjectionis
943 847 997 903 est,
1013 843 1160 904 sibimetipsi

566 914 645 963 iaeit
639 910 775 974 injuriam
772 950 779 973 ,
789 915 848 973 quia
858 912 920 960 iiber
930 916 955 959 et
966 911 1083 959 dominus
1098 914 1144 958 est.

132 986 160 1036 5.
190 982 287 1035 Omnis
317 988 410 1036 autem
444 984 543 1037 mulier
596 984 715 1032 licentra
724 984 808 1031 omnis
818 981 910 1030 mulier
918 979 1018 1043 publio-d
1031 991 1106 1028 orans
1116 984 1161 1026 aut

96 1165 149 1216 oiri
159 1171 253 1228 eaput,
268 1165 295 1215 id
308 1170 345 1214 est
355 1202 362 1224 ,
371 1165 509 1228 Dominus,
523 1169 635 1230 superior
649 1171 674 1216 et
684 1170 766 1216 rector
778 1171 812 1216 est
827 1167 949 1217 Christos.
959 1167 1003 1215 Est
1015 1167 1091 1214 etiam
1102 1178 1160 1215 mu-

96 1235 166 1284 lieris
180 1240 274 1297 eaput,
286 1235 329 1284 sed
341 1248 384 1297 per
398 1236 492 1284 virum.

126 1315 242 1365 Baliaris
261 1322 344 1365 uatem
361 1322 437 1378 capot
458 1316 592 1378 dominus,
609 1319 723 1379 superior
746 1321 771 1366 et
786 1320 867 1365 rector
880 1322 915 1364 est
932 1314 1108 1377 oir.1ntellige
1129 1315 1159 1363 de

96 1386 168 1434 omni
181 1382 288 1432 muliare
298 1421 304 1444 ,
316 1397 361 1433 sou
380 1385 411 1433 de
428 1389 480 1433 toto
494 1385 602 1434 femineo
615 1399 692 1447 seru,
706 1386 847 1436 seeundum
861 1385 974 1433 ordinem
992 1388 1098 1433 natura.

129 1467 214 1528 Caput
227 1465 286 1514 11νὸ
302 1466 395 1516 Christi
414 1467 572 1527 1111101111
587 1467 697 1529 intellige
710 1468 741 1516 do
754 1468 854 1516 Christo
872 1467 985 1515 homine.
999 1465 1069 1515 Sient
1090 1467 1158 1515 enim

95 1535 171 1585 Pater
183 1537 237 1597 ipso
250 1538 330 1594 maior
346 1541 400 1596 ost,
418 1538 453 1584 ita
470 1541 494 1584 et
510 1536 577 1602 iltius
592 1538 715 1587 Dominus
732 1541 777 1587 est.

127 1605 168 1655 hd
180 1605 358 1654 stabiliendum
373 1608 440 1669 quod
460 1609 542 1668 sequit
545 1622 574 1656 ur
592 1610 658 1657 inn.
676 1610 689 1656 1
705 1613 729 1656 et
742 1611 774 1668 5
791 1609 910 1669 supponit
922 1606 966 1655 hie
979 1608 1050 1666 qnasi
1063 1608 1158 1668 prinei·

95 1678 186 1738 pium,
198 1673 265 1735 quod
283 1676 323 1723 vir
335 1678 368 1724 sit
384 1679 467 1726 omnis
483 1676 597 1727 mulieris
611 1681 688 1739 eaput
701 1682 725 1726 11
742 1677 877 1737 dominus,
898 1679 963 1726 sieut
978 1677 1092 1725 Christus
1109 1677 1158 1725 Du-

95 1747 187 1795 minus
199 1749 237 1793 est
250 1748 332 1793 omnis
348 1748 394 1795 viri
409 1751 504 1808 eaput;
520 1747 591 1796 addit
609 1761 641 1797 au
643 1753 695 1796 tem
710 1747 778 1809 quod
790 1747 884 1796 Christi
896 1749 972 1807 eaput
983 1750 1021 1794 est
1033 1745 1117 1806 Deus,
1131 1752 1158 1794 ut

96 1815 196 1864 iontem
210 1815 293 1863 omnis
304 1817 486 1895 superioritatis
499 1816 621 1866 ostendat.

128 1884 165 1933 Ex
183 1883 232 1931 hoe
249 1883 373 1945 principio
385 1883 483 1932 infert
477 1897 503 1932 m
517 1885 678 1943 sequentibus
690 1885 756 1946 quid
777 1887 859 1934 omnis
874 1887 914 1933 vir
932 1897 1019 1945 orans,
1036 1888 1081 1934 aut
1098 1897 1158 1946 pro-

95 1952 207 2015 phetans
218 1950 331 2013 publice,
342 1951 413 1999 debet
425 1956 509 2013 aperto
520 1965 573 2001 esse
592 1956 685 2014 capite,
696 1956 754 2014 quia
768 1952 831 2002 liber
847 1957 871 2002 et
881 1953 999 2003 dominus
1012 1920 1158 2002 ’1111111111

96 2022 159 2070 verb
177 2033 252 2070 orans
269 2022 314 2069 aut
326 2019 478 2084 prophetans
496 2019 611 2083 publico,
623 2021 695 2071 debet
709 2034 761 2070 esse
775 2027 861 2080 operto
875 2023 1040 2085 eapite,quia
1052 2025 1157 2070 natura-

95 2089 157 2141 iiter
178 2091 288 2141 subdita.

128 2161 205 2224 Apud
217 2164 342 2224 antiquos,
352 2163 454 2213 duditas
463 2167 488 2212 et
497 2164 591 2224 apertio
604 2165 706 2225 eapitis,
718 2165 818 2224 signum
832 2165 885 2211 erat
895 2161 1016 2211 libertatis
1024 2180 1035 2222 5
1043 2160 1158 2210 velamen

95 2233 187 2281 autem
206 2235 259 2280 erat
276 2231 419 2293 symbolam
432 2232 612 2291 subjectionis:
628 2239 652 2281 et
669 2233 809 2281 seermddm
829 2232 875 2281 has
891 2234 1021 2293 opiniones
1036 2234 1098 2279 tuno
1116 2244 1157 2279 re-

96 2304 201 2363 deptus,
215 2300 258 2350 hio
276 2300 386 2361 loquitur
397 2302 425 2351 D.
439 2301 532 2350 Paulus
544 2315 551 2349 1
563 2315 632 2351 nuno
644 2305 713 2351 enim
726 2306 811 2364 aperto
823 2304 903 2366 eapite
914 2301 998 2363 loqui,
1009 2303 1108 2362 siguum
1121 2305 1158 2348 est

96 2369 280 2430 subjectionis,
295 2375 323 2419 ut
337 2374 407 2418 notat
425 2370 542 2431 Tyrinus.

128 2439 220 2487 Noster
232 2450 289 2499 ergo
303 2452 357 2488 mos
369 2439 482 2487 nudandi
495 2444 520 2488 et
531 2441 659 2502 aperiendi
672 2443 754 2503 capita
772 2441 799 2489 in
817 2442 917 2501 signum
931 2440 1091 2499 reverentiae,
1105 2442 1158 2488 erat

95 2511 164 2557 tune
175 2509 319 2569 incognitus
329 2508 421 2557 Gratis
435 2512 460 2557 ot
470 2509 547 2558 ltaiis.

129 2605 155 2652 4.
171 2602 257 2652 Omnia
270 2605 311 2653 111·
322 2617 398 2654 oreos
414 2610 459 2653 out
471 2607 653 2668 prophetans...

129 2672 205 2721 Tune
221 2671 333 2720 nondum
346 2675 399 2720 erat
412 2673 569 2722 introductus
585 2687 640 2723 mos
651 2673 800 2723 decantandi
815 2672 923 2736 psalmos
932 2709 939 2732 ,
949 2673 992 2721 sed
1006 2675 1033 2720 in
1046 2684 1158 2721 eonven-

96 2741 170 2791 tibus
182 2741 290 2804 pubiieis
305 2745 385 2791 oratio
405 2743 436 2791 ab
453 2756 504 2791 uno
523 2743 623 2805 publice
639 2744 713 2792 tiebat
733 2756 778 2804 pro
793 2743 924 2802 omnibns;
943 2754 1013 2790 saera
1030 2740 1157 2803 Scriptura

96 2812 229 2873 legebatur
245 2814 270 2860 et
285 2812 462 2873 exponebatur.
473 2813 534 2862 Vide
548 2826 603 2874 cap.
618 2815 655 2861 11.
668 2826 694 2860 n.
707 2815 752 2871 23,
765 2815 813 2861 ete.

130 2881 161 2932 id
175 2885 278 2940 autem,
294 2880 361 2941 apud
372 2880 526 2940 Corinthios,
539 2884 586 2930 viri
598 2882 679 2930 velato
691 2883 772 2942 eapite
781 2879 931 2942 prestabant
947 2890 955 2926 2
970 2878 1061 2939 quibus
1070 2914 1077 2939 ,
1087 2881 1158 2938 Juxta

95 2951 257 3016 principiam
269 2951 343 3011 supra
359 2954 484 3012 positum,
496 2963 549 2999 sese
561 2952 663 3011 opponit
674 2949 819 3010 Apostolus,
833 2949 935 2997 dicens:

133 3023 222 3074 01111111
233 3025 275 3073 uir
285 3037 360 3074 oruoa
375 3024 474 3087 publice
484 3027 543 3084 ,aut
555 3024 713 3085 Prophetiam
729 3022 812 3082 legens
826 3026 850 3070 et
864 3022 1000 3085 erpiieans,
1009 3021 1049 3070 voi
1059 3023 1158 3083 quidvis

97 3093 171 3144 aliud
182 3105 212 3141 ex
223 3092 365 3154 Scriptura,
377 3095 398 3141 si
410 3097 485 3153 eaput
499 3106 572 3141 suum
586 3091 665 3151 vetet,
680 3094 796 3153 deturpat
806 3092 887 3148 111111,
896 3091 922 3139 id
933 3095 983 3150 est,
993 3090 1070 3139 etheit
1083 3091 1159 3142 dede-

98 3175 161 3215 eore
173 3180 180 3211 a
193 3163 252 3223 quia
265 3164 326 3222 tegit
340 3161 417 3222 iliad,
433 3164 504 3222 quasi
520 3160 608 3210 servile
624 3162 695 3212 foret.

130 3233 214 3294 Caput
225 3235 308 3292 tegere
328 3235 365 3280 est
383 3236 530 3295 potestatem
549 3235 626 3293 capiti
645 3235 773 3293 imponere
779 3250 786 3291 ;
799 3244 859 3279 nam
879 3231 967 3292 eapitis
985 3233 1158 3291 tegumentum

98 3304 139 3352 est
153 3299 318 3349 dominatoris
329 3303 397 3358 viee,
410 3305 560 3361 signumque
575 3300 751 3359 subjectionis,
763 3301 799 3348 ait
788 3299 1021 3360 t.Theophyiaetus

131 3369 205 3419 Tales
221 3382 278 3430 ergo
299 3371 347 3417 viri
366 3370 500 3452 deturpant
515 3368 967 3430 1111111111,111111,1111111111111111
982 3368 1158 3428 iaciuntinju

99 3443 184 3498 riam,
198 3441 257 3500 quia
275 3438 347 3487 liberi
369 3439 427 3486 erim
445 3442 537 3487 sinist
554 3438 664 3496 domini,
683 3449 737 3486 sese
754 3442 842 3499 tegunt
859 3440 930 3498 quasi
950 3449 1022 3487 servo
1042 3442 1067 3486 et
1087 3439 1157 3486 atteri

98 3508 229 3566 subditos;
242 3509 327 3566 sieque
339 3519 390 3554 suaa
402 3507 475 3565 derog
476 3512 520 3554 am
535 3505 716 3567 praecellentiae.

133 3577 218 3636 Aliqui
238 3573 327 3623 volunt
342 3573 368 3622 id
382 3541 487 3633 intelli&
507 3573 629 3634 decapite
649 3573 756 3635 morali,
773 3573 871 3623 Christo
882 3573 1003 3632 Domino,
1019 3573 1050 3621 de
1065 3586 1115 3633 quo
1131 3577 1156 3622 in

98 3659 178 3696 versu
189 3643 338 3706 precedenti
348 3678 355 3701 ‚
366 3643 436 3702 quasi
448 3642 561 3690 Christus
573 3642 694 3691 Dominus
710 3644 802 3703 iniuria
815 3643 937 3691 atiioiatar
948 3643 996 3690 1111
1009 3641 1074 3688 iaeto
1091 3660 1098 3689 =
1115 3643 1158 3690 sed

100 3717 156 3777 ipse
173 3716 255 3760 textus
271 3713 298 3758 in
315 3722 388 3757 versu
400 3711 528 3770 sequenti,
541 3710 582 3757 ubi
596 3709 627 3757 de
647 3710 808 3769 mulieribus,
821 3709 916 3758 indicat
927 3707 993 3769 qnod
1004 3707 1035 3755 de
1050 3709 1157 3758 naturali

100 3784 187 3845 eapite
200 3779 288 3828 debeat
301 3777 422 3839 intelligi,
437 3789 479 3837 eo,
497 3790 546 3840 quo
561 3780 657 3827 dietum
673 3782 725 3838 ost,
742 3778 826 3827 modo.

135 3877 159 3928 5.
175 3874 260 3923 Omnis
273 3880 356 3922 autem
374 3872 494 3921 molier...

134 3944 215 3996 Erant
233 3946 295 3997 tuno
314 3944 339 3993 et
356 3940 474 3994 mulieres
491 3941 684 4004 prophetantes,
702 3943 730 3989 ut
745 3941 802 3990 iiiia
818 3940 940 4003 Philippi,
957 3942 987 3990 de
1001 3943 1091 4004 quibus
1103 3945 1156 3993 act.
