2520 4440
278 214 287 221 ”
322 244 891 306 rurranxnxrosraro.crr.x.
1080 255 1133 303 555

65 337 259 402 tentaverunt,
271 343 298 391 et
310 337 328 390 d
339 340 513 407 serpentibus
535 347 604 393 stum
617 349 647 393 nt
660 345 757 406 bem,
778 359 915 408 eorumque
932 346 1040 406 dacem,
1058 349 1133 397 toties

66 410 225 474 perierunt.
535 414 733 477 exacerbarunt5
747 416 996 478 obquodabignltis
1009 417 1132 478 serpenti·

535 483 582 532 bus
595 485 719 534 interfecti
736 489 805 534 sunt.

100 535 253 602 1⁰·N011110
261 541 510 605 murmurilesslls
565 553 590 603 Si
604 557 813 614 mussiurcrltis,
827 556 853 603 et
867 553 988 604 laedones
997 554 1133 604 suscitave-

65 608 375 678 sicutquidameorum
388 630 514 671 murmu·
535 623 609 682 ritis,
623 625 689 674 sicat
706 622 743 672 illi
759 623 838 685 iioysi
858 621 1131 680 obmurmuraverant,

65 697 213 756 naverunt,
225 693 448 759 especiemngab
462 711 511 750 01.
535 690 597 737 inlisi
613 692 817 752 conspiratione,
837 690 868 740 ob
886 701 963 759 quarn
984 689 1016 738 ab
1038 689 1131 751 Angelo

64 764 259 821 germinam
534 756 848 815 exterminatisunttlore,
857 748 971 815 bathan,
982 755 1070 816 etalii,
1080 763 1130 805 etc.

98 845 324 899 11.l1aeoautem
337 848 512 903 omniainil·
563 851 712 902 Mementote
719 856 860 915 ,inquam
874 853 1129 915 quodnamquodn-

64 933 136 984 gura
151 921 350 993 contingebant
366 926 439 979 illis:
533 919 593 969 daeis
610 921 773 983 acciderunt,
790 923 935 973 suatnobls
948 923 1129 985 contingendo·

533 1001 591 1037 rum
601 992 762 1051 prenuntia,

64 1042 176 1109 scripta
193 1052 259 1097 sunt
282 1054 375 1100 autem
394 1048 430 1101 ad
445 1062 509 1103 cor·
562 1058 595 1107 Et
606 1058 674 1120 quod
687 1059 759 1109 nobis
770 1060 915 1111 erudiendis
930 1065 955 1110 et
975 1062 1128 1124 corrigendis

64 1119 224 1183 reptionem
234 1127 374 1186 nostram
532 1127 690 1188 conscripta,

63 1195 95 1243 ln
115 1207 190 1260 quos
208 1196 278 1250 lines
290 1199 449 1253 seculorum
461 1201 510 1254 da-
562 1200 593 1249 Ut
606 1213 652 1250 nos
667 1203 803 1252 christiam
817 1241 824 1264 ,
842 1206 885 1266 qni
898 1207 925 1255 in
938 1205 1027 1255 ultima
1038 1197 1139 1256 mandi

63 1279 213 1327 venerunt.
532 1276 604 1322 autc
622 1275 749 1335 risimus,
765 1275 847 1325 alieno
865 1278 992 1339 sapiamus
1006 1277 1128 1339 exemplo.

91 1442 150 1492 Noa
160 1448 280 1495 memus
295 1446 437 1507 cnutum,
449 1449 514 1498 siout
531 1450 635 1512 paidom
648 1463 679 1501 ex
698 1454 758 1515 lpsis
777 1451 922 1512 Christum,
937 1450 1069 1510 utliearn,
1083 1461 1127 1498 eo-

61 1524 173 1574 rumque
190 1514 287 1565 Ducem
298 1519 371 1566 toties
382 1521 552 1569 tentaverunt.

97 1582 159 1634 Vide
171 1584 239 1647 apud
250 1583 350 1635 Estium
361 1590 472 1636 veterem
483 1589 658 1650 traditionem,
671 1592 713 1640 cul
723 1590 790 1640 lavet
801 1591 844 1640 hic
856 1590 942 1651 locus,
954 1590 1050 1640 scillcet
1060 1589 1126 1652 quod

61 1654 173 1720 Angelus
183 1692 190 1715 ,
201 1653 372 1704 israelitarum
384 1655 488 1717 ductor,
503 1657 596 1708 Christi
607 1672 743 1723 personam
760 1663 871 1722 gesserit.

94 1749 132 1796 10.
150 1743 235 1804 Neque
245 1744 495 1794 murmuraveritis...

91 1813 206 1873 lieniqrm
222 1811 360 1872 respiciens
378 1811 410 1860 ad
426 1812 501 1862 llam.
514 1818 551 1863 11.
566 1816 594 1862 lt
613 1818 637 1863 et
658 1818 696 1864 la.
713 1812 811 1876 hocque
831 1814 960 1878 applicans
975 1814 1124 1873 Corinthiis,

61 1883 104 1942 qui
123 1880 245 1931 adversus
266 1878 397 1930 Praefectos
416 1883 601 1943 mussitabant,
620 1888 644 1933 et
663 1883 786 1934 factiones
798 1884 968 1944 suscitabant,
984 1885 1020 1932 ait
1032 1903 1038 1933 ι
1051 1898 1126 1947 neque

60 1949 315 2002 numeraveritis...

90 2019 280 2069 Extermlnotor
300 2016 393 2067 dicitnr
406 2017 530 2080 Angelus,
543 2022 616 2079 cujas
633 2022 774 2070 ministerio
791 2023 950 2070 exterminati
968 2027 1028 2071 sunt
1044 2023 1123 2084 Core,

60 2087 160 2138 bathan
172 2091 199 2136 et
214 2085 309 2135 hbiron
321 2091 346 2136 et
358 2085 416 2148 alii,
430 2093 479 2136 etc.
491 2087 567 2137 Num.
585 2092 623 2137 16.

92 2179 132 2227 ti.
143 2177 203 2226 Hoc
217 2179 301 2224 auum
313 2175 397 2224 omnio
406 2176 433 2223 in
447 2176 553 2237 figura..
546 2175 671 2225 ..Rursus
685 2173 804 2226 admonet
813 2175 881 2237 haec,
891 2189 947 2238 qaae
957 2177 1049 2228 iudaeis
1059 2183 1125 2228 acci·

60 2247 167 2304 dunat,
182 2256 237 2295 essa
254 2245 327 2294 nobis
344 2244 571 2307 contingendoram
589 2248 749 2306 prenuntia,
762 2258 840 2308 eaque
853 2247 925 2296 nobis
937 2247 1081 2298 erudiendis
1099 2254 1125 2298 et

60 2314 218 2379 corrigendis
231 2326 285 2364 esso
296 2316 448 2377 conscripta.
516 2316 523 2330 ·

89 2389 196 2450 scripto
210 2385 316 2435 suntad
331 2385 518 2466 coueptioaem.
536 2384 593 2448 Syr.
611 2384 644 2434 ad
661 2384 830 2436 eruditionem
844 2391 970 2448 nostram,
984 2388 1011 2437 id
1025 2392 1075 2448 ost,
1091 2387 1124 2437 ad

58 2471 105 2508 nos
120 2455 336 2515 commonendos,
349 2456 377 2503 io
390 2468 451 2516 quos
464 2455 605 2503 reculmum
620 2456 681 2517 finer
692 2456 847 2506 emanarunt.

87 2527 122 2577 Ut
138 2536 187 2574 nos
200 2523 351 2582 Christiani,
362 2526 406 2584 qai
426 2523 457 2572 ad
472 2523 561 2573 ultima
578 2524 668 2573 mundi
687 2524 772 2574 secula
789 2527 967 2587 pervenimus,
984 2538 1028 2575 sea
1040 2528 1084 2587 qai
1096 2528 1123 2575 in

57 2601 172 2645 extrema
185 2592 276 2642 mundi
288 2597 360 2642 atate
370 2594 497 2653 rlrlrnus,
509 2592 592 2641 abeno
604 2594 733 2654 sapiamus
749 2595 871 2657 exemplo.

86 2682 250 2733 Onsnnrarro
261 2691 419 2730 soranis·-
427 2680 532 2730 suenda
544 2679 612 2742 qudd
622 2680 782 2730 Hebraeorum
794 2683 909 2744 punitio,
920 2682 1121 2734 Christianorum

55 2755 89 2802 sit
100 2751 258 2811 admonitio,
277 2750 394 2800 eruditio.
414 2750 479 2799 Deus
493 2751 610 2800 liebraeos
627 2753 728 2814 punivit
746 2752 778 2800 ad
792 2751 934 2814 exemplum
948 2758 1080 2815 nostrum;
1094 2761 1121 2805 at

54 2834 148 2872 eornm
159 2820 234 2883 prend
245 2821 390 2882 sapiamus,
401 2820 463 2868 vitia
475 2818 614 2880 fugiamus,
626 2822 705 2869 ritum
717 2820 888 2870 emendemus.

85 2890 137 2940 Sed
154 2889 256 2940 attende
266 2887 334 2951 oudd
353 2888 515 2938 Hebraeorum
531 2902 625 2952 panae,
645 2893 789 2939 nostrornm
808 2892 859 2939 sint
876 2889 961 2951 figurae
979 2892 1081 2941 tantdrn
1096 2896 1120 2943 et

55 2959 173 3018 urnbrae,
189 2958 264 3007 rudia
275 2959 351 3020 quassi
366 2956 535 3017 lineamenta;
549 2961 616 3007 sicut
632 2970 674 3007 eos
692 2957 817 3007 donorum
834 2957 1007 3018 magnitudine
1023 2962 1121 3010 excedi·

52 3042 131 3089 mus,
145 3029 183 3077 slc
197 3028 280 3089 penis
294 3025 460 3075 atrocioribus
476 3026 632 3086 afficiemur,
645 3025 747 3075 illorum
759 3038 839 3088 prona
850 3028 1019 3088 temporaria,
1030 3035 1121 3078 nostrae

52 3102 133 3147 erunt
146 3100 263 3156 mterna3
274 3094 336 3144 binc
346 3095 379 3143 do
391 3093 442 3144 dne
452 3096 597 3145 seculorum
615 3107 663 3145 nos
680 3099 767 3145 monet
782 3095 930 3158 apcsmtus,
948 3096 990 3145 ubi
1002 3098 1120 3149 terr1bllis

52 3166 210 3228 exspectatio
219 3162 319 3223 judicil

84 3230 196 3283 attende
206 3232 316 3294 denique
326 3229 517 3294 quodmodo
526 3236 612 3283 monet
623 3232 771 3294 spostolus,
786 3235 870 3284 omnio
885 3236 913 3283 io
925 3235 1012 3297 figura
1027 3238 1121 3286 contia-

51 3301 224 3366 pebootillr‘e.

84 3373 154 3422 bens
164 3371 229 3432 qai
237 3372 311 3430 Juxta
326 3369 525 3427 Tertullianum,
538 3369 665 3419 adamum
676 3374 759 3433 ipsum
776 3371 901 3432 formans,
911 3372 1039 3422 Christum
1051 3377 1120 3434 cogi-

50 3443 140 3502 tabat,
162 3441 251 3489 omnia
272 3441 365 3489 veteris
383 3438 445 3500 legis
465 3440 598 3499 ardinnae,
619 3439 748 3489 Christum
770 3447 796 3490 et
814 3441 1036 3492 Christianismum
1059 3446 1118 3490 ante

50 3507 276 3560 oculoshabebat.

83 3580 179 3631 Ornata
189 3580 263 3629 erant
280 3575 382 3638 agorn,
393 3576 619 3639 praagcratrcncs,
632 3578 704 3628 rudia
722 3578 875 3630 lineamenta
893 3579 985 3628 Christi
996 3615 1003 3636 ,
1013 3581 1057 3626 aut
1070 3578 1118 3626 Ec-

21 3700 24 3705 .
50 3651 138 3701 cleslae
155 3647 308 3699 christinam
329 3663 336 3694 z
358 3645 521 3705 blandiore,
542 3647 697 3709 scripturam
720 3649 819 3709 legens,
838 3650 969 3697 veritatem
988 3648 1015 3693 in
1031 3646 1118 3705 liguris

51 3722 163 3781 intueri,
172 3729 271 3769 norum
280 3715 470 3765 Testamentum
479 3718 505 3764 in
515 3719 593 3765 reteri
601 3718 774 3767 considerare:
785 3720 812 3766 in
822 3718 899 3768 reteri
907 3751 914 3773 ,
923 3716 1008 3763 omnia
1017 3715 1117 3775 umbra,

50 3793 171 3853 pictura,
183 3785 272 3848 ligura
283 3786 391 3845 noshaer
402 3788 447 3833 aut
457 3785 525 3834 enlm
536 3784 666 3836 Christum
676 3787 829 3848 respiciunt,
840 3790 885 3834 aut
896 3782 1118 3833 Christianismum

50 3857 187 3908 erudiunt.

83 3925 134 3976 &d
144 3936 179 3975 ¹¹0
190 3920 291 3985 l⁰ssllffi⁸
302 3924 371 3972 exiii
385 3925 496 3972 mentem
512 3913 618 3980 Ᾱβῠθῖῡῑῑ
638 3922 709 3973 nobls
721 3922 763 3973 bic
775 3931 915 3984 expressam
929 3929 1054 3972 excurras.
