2520 4440
108 257 159 308 556
198 243 201 251 ’
297 256 426 307 PRlblAE
446 254 652 307 EPISTOLAE
672 254 719 305 ab
737 246 979 304 CORINTHIOS

135 349 220 410 ltaque
233 361 307 398 nemo
322 348 436 398 nostrvlrn
451 349 497 396 sibi
510 347 571 396 ssdat
583 386 589 407 ,
603 348 646 417 sed
658 348 701 408 qui
760 347 804 398 ld.
814 349 911 410 ltaque
925 341 976 408 qui
990 354 1021 393 se
1032 335 1150 391 existimat

103 421 167 477 stat,
182 419 270 466 timeat
281 430 313 466 ne
327 417 400 466 cadat
410 435 416 465 ι
428 417 494 465 sicut
509 420 632 465 steterunt
646 415 682 464 illl
694 452 700 475 ,
726 428 816 486 stare,
830 421 923 474 videat
935 433 972 471 ne
983 416 1073 470 cadat.

104 490 128 531 ct
141 488 227 533 tumen
239 484 394 534 ceciderunt.
728 536 731 549 ,
988 491 991 495 “

133 551 214 615 Opto,
230 551 360 614 Deumque
382 565 487 616 precor,
500 559 529 603 ut
540 555 645 603 tentatio
658 566 701 602 vos
758 556 804 605 lii.
819 550 948 604 tentatio
971 562 1025 600 vos
1042 560 1096 599 non
1112 558 1154 610 ap·

103 632 154 668 nou
164 620 282 680 invadat,
294 623 343 669 nisi
355 621 431 682 levis,
443 625 468 670 et
477 625 595 683 superata
607 620 701 681 tucilis3
725 628 895 696 prehendat,
910 627 967 679 nisi
978 625 1113 678 humana:

103 699 151 747 ue,
164 689 185 737 st
197 691 314 750 gravior,
327 702 373 738 vos
385 694 499 752 superet,
511 694 536 737 et
552 690 654 738 audatie.

134 865 161 913 ln
173 862 264 913 israele
274 863 371 912 carnali
383 901 390 923 ,
402 863 432 912 de
445 863 551 924 AEgypto
564 867 685 922 exeunte,
698 868 723 912 et
736 875 780 925 per
793 873 864 911 mare
876 860 995 911 Rubrum
1006 862 1155 916 transeunte,

104 933 260 993 spiritualem
279 930 412 990 lsraelem,
433 931 513 979 tidelis
538 932 643 981 librabae
668 931 732 980 tilios
757 934 869 989 intuere,
892 942 939 993 per
963 929 1117 991 Baptismum
1135 926 1156 973 lu

103 1003 193 1050 Christi
205 1003 341 1062 sauguine,
357 1004 474 1049 exeuntes
491 1000 521 1048 de
537 1000 642 1049 mundo.

133 1070 162 1118 ln
178 1068 307 1118 lsraeliiici
320 1070 405 1131 populi
422 1072 512 1117 itinere
526 1082 570 1130 per
588 1069 715 1117 desertum
732 1069 763 1117 ad
783 1073 878 1118 terram
889 1068 1058 1129 promissam,
1073 1066 1157 1114 intuere

102 1143 232 1197 nostram,
250 1151 294 1199 per
315 1139 392 1198 hujus
407 1141 465 1187 vitae
487 1137 630 1198 desertum,
649 1138 830 1200 protectionem
849 1134 884 1184 ad
900 1134 1079 1184 haereditatem
1098 1131 1158 1180 nobis

63 1213 68 1228 ¹
103 1208 251 1266 promissam
262 1209 289 1254 in
307 1205 385 1254 reiis.

133 1277 160 1324 ln
171 1277 253 1337 Moyse
264 1289 351 1325 eorum
364 1276 441 1334 duce,
453 1276 551 1324 intuere
563 1275 691 1324 Christum
701 1311 708 1333 ,
718 1278 832 1323 nostrum
843 1273 937 1321 ducem
950 1276 975 1321 et
986 1271 1157 1332 legislatorem

102 1345 129 1390 in
141 1343 208 1393 nube
219 1382 225 1404 ,
237 1347 344 1405 gratiam
358 1343 443 1392 Sancti
455 1343 563 1404 Spiritus
573 1364 580 1402 ;
592 1345 618 1391 in
633 1355 728 1391 manna
739 1380 746 1401 ,
757 1344 956 1391 sacratissimam
968 1341 1157 1395 Eucharistiam;

102 1415 130 1459 iu
148 1425 214 1475 aqua
233 1413 339 1474 spiritaii
358 1424 403 1460 seu
424 1411 589 1471 miraculosa,
610 1411 728 1461 Ecclesiae
744 1410 922 1470 Sacramenta,
936 1409 1077 1459 Salvatoris
1090 1407 1158 1457 toules

102 1493 148 1529 nos
162 1485 352 1542 consequentes.

131 1551 248 1600 Peccavit
263 1554 340 1601 variis
353 1550 435 1600 modis
446 1549 540 1611 lsrael;
554 1550 612 1612 iuge
631 1553 772 1613 peccatum.

133 1621 169 1670 tib
184 1627 288 1684 peccata
303 1635 349 1671 sua
367 1623 450 1684 puniti
469 1624 529 1669 suut
546 1621 658 1678 liebraei,
675 1620 786 1681 plerique
807 1621 927 1683 prostrati
944 1623 1007 1669 sunt
1020 1621 1047 1668 in
1059 1617 1157 1674 deserto,

102 1692 164 1739 time
176 1690 344 1753 supplicium,
357 1692 378 1739 sl
387 1690 544 1751 peccaveris,
557 1688 586 1735 ed
600 1687 719 1748 grandius
733 1690 780 1738 erit
794 1693 818 1738 et
834 1689 963 1747 atrocius,
975 1687 1028 1748 quo
1040 1690 1158 1749 peccatum

102 1766 176 1809 tuum
186 1761 331 1819 enormius;
342 1762 427 1820 utpote
438 1758 482 1817 qul
498 1756 637 1816 majoribus
648 1761 791 1818 preventus
800 1770 827 1806 es
841 1758 947 1823 gratiis,
958 1760 985 1804 ct
995 1758 1041 1818 qui
1051 1756 1158 1810 monitus,

102 1828 184 1878 alieno
198 1828 306 1878 debuisti
326 1839 413 1891 sapere
426 1826 548 1888 exemplo.

133 1897 228 1946 Eorum
239 1899 391 1959 temporaria
402 1899 552 1958 prostratio,
563 1900 614 1946 tuae
626 1899 801 1958 prostrationis
813 1900 916 1946 aeternae
928 1892 1117 1957 praefiguratio‘

133 1967 226 2016 Omnes
241 1967 278 2016 illi
295 1970 322 2016 in
341 1967 438 2016 deserto
454 1968 588 2030 prostrati,
605 1968 748 2015 innumeris
764 1966 807 2015 liei
825 1965 958 2015 beneflciis
978 1967 1102 2028 praeventi
1113 1962 1158 2011 lue·

106 2041 174 2095 rant3
193 2036 299 2096 iisdem,
311 2050 341 2086 uc
354 2036 391 2085 illi
405 2038 448 2097 qui
465 2038 557 2085 servati
575 2041 635 2084 sunt
645 2074 651 2095 ,
663 2037 739 2097 gratis
750 2036 843 2085 allecti.

133 2107 198 2155 iiiuc
217 2107 302 2166 disce,
320 2107 350 2155 oh
366 2107 409 2154 liei
425 2108 517 2167 gratias
530 2119 582 2154 nou
604 2106 697 2154 efferri.

132 2173 203 2222 Disce
214 2173 281 2234 qudd
294 2176 333 2233 si,
349 2177 377 2222 ut
388 2174 495 2236 populus
507 2172 562 2232 ille,
581 2174 793 2233 concupiscentiis
809 2173 861 2220 tuis
872 2172 1016 2232 obedieris,
1037 2175 1058 2222 si
1072 2171 1158 2235 gulosus

101 2246 126 2291 et
141 2242 265 2301 carnalis,
277 2245 298 2290 si
313 2242 351 2290 tui
367 2246 462 2292 nimius
481 2245 579 2291 amator
593 2247 617 2291 ei
636 2240 784 2299 idololatra,
802 2242 822 2288 si
843 2241 1011 2302 impudicus,
1025 2244 1048 2290 si
1061 2241 1107 2290 lico
1117 2252 1157 2289 nou

101 2311 228 2370 subditus,
247 2310 326 2359 tidelis
348 2316 373 2359 et
398 2312 588 2372 obtemperans,
613 2312 633 2359 si
656 2301 776 2358 adversus
798 2311 948 2371 praepositos
967 2310 1087 2370 rebellis,
1110 2313 1157 2365 etc,

100 2380 146 2427 tibi
165 2391 211 2427 nec
233 2379 371 2440 proderunt
395 2381 537 2441 Baptismus
558 2381 585 2427 in
601 2379 692 2428 Christi
714 2379 854 2439 sauguine,
869 2389 919 2426 nee
938 2381 1091 2428 commuuio
1110 2388 1157 2427 curu

100 2447 216 2504 Christo,
236 2450 285 2495 etc.
922 2486 926 2495 .

131 2514 168 2562 Er
185 2517 308 2564 sexcentis
328 2515 456 2577 millibus,
468 2517 518 2565 duo
536 2515 653 2574 tautum,
664 2514 739 2563 Josue
757 2518 781 2562 et
800 2513 893 2573 Caleb,
908 2517 1066 2577 promissam
1078 2521 1156 2565 terram

100 2587 161 2631 sunt
174 2585 287 2645 ingressi.
301 2584 409 2645 Haecque
421 2590 522 2647 propter
533 2583 701 2632 eruditionem
715 2587 787 2632 tuam
802 2585 897 2645 scripta
911 2588 985 2633 sunt.

130 2652 173 2700 llis
184 2664 241 2713 ergo
255 2653 368 2702 eruditus
379 2690 385 2711 ,
398 2654 499 2702 attende
509 2653 572 2713 tibi,
585 2651 675 2713 vigila,
691 2663 748 2710 ora,
759 2655 841 2699 treme
853 2653 879 2699 et
889 2650 977 2700 multo
991 2665 1054 2701 cum
1065 2657 1156 2701 tremore

100 2718 206 2770 sulutem
224 2728 295 2771 tuam
312 2735 423 2784 operare.
773 2716 775 2720 ⁴

132 2806 168 2850 ta.
187 2805 273 2864 ltaque
294 2805 337 2864 qui
359 2817 384 2851 sc
401 2805 525 2852 existimat
543 2809 639 2852 sture...
659 2802 737 2851 Recta
755 2814 782 2850 ex
801 2801 1012 2863 precedentibus
1032 2802 1155 2853 conclusio.

99 2871 179 2930 lirim,
194 2875 223 2919 ut
236 2876 304 2933 patet
316 2885 344 2920 ax
357 2871 444 2932 dictis,
461 2877 531 2920 tauta
547 2874 579 2920 sit
599 2871 686 2920 salutis
697 2871 847 2931 dillicultas,
863 2876 971 2921 tantum
984 2873 1072 2936 lapsus
1085 2875 1110 2921 in
1120 2871 1155 2920 bac

99 2941 150 2988 vita
161 2941 311 3001 periculam.
871 2955 881 2971 ·

129 3010 176 3070 Qui
192 3014 264 3070 putat
278 3016 357 3072 stare,
374 3012 487 3061 attendat
500 3012 562 3070 sibl,
579 3016 603 3060 et
616 3016 705 3060 caveat
721 3023 753 3059 ne
767 3011 860 3059 caduts
874 3015 1006 3062 steterunt
1019 3014 1154 3071 liebrael,ei

101 3077 245 3126 ceciderunt
256 3083 342 3129 tamen
356 3093 362 3122 τ
374 3082 457 3129 alieno
471 3083 570 3142 sapiens
582 3080 710 3142 exemplo,
720 3082 799 3140 time,
813 3092 892 3140 cave,
905 3084 1029 3144 attende,
1042 3096 1076 3132 ue
1086 3081 1154 3132 cadas.

130 3146 186 3196 llaec
205 3149 333 3198 conclusio
352 3149 486 3211 respondet
499 3153 522 3198 ei
541 3150 609 3210 quod
628 3150 726 3198 dictum
749 3153 786 3197 cst
803 3151 878 3197 inltio
891 3152 986 3213 capitis
1000 3172 1007 3203 c
1022 3151 1114 3214 Quidni
1129 3150 1154 3196 ti·

99 3216 204 3262 nream?
219 3216 307 3274 quidni
320 3220 444 3277 timeatis,
459 3230 491 3266 ne
507 3217 606 3280 reprobi
618 3217 729 3266 tlemus?

128 3281 268 3331 Dillldentia
281 3284 321 3332 sui
333 3285 427 3334 stabilit
439 3287 466 3333 in
477 3284 561 3344 bono;
576 3284 727 3333 conlidentia
740 3286 882 3347 praecipitat
897 3285 930 3335 ad
948 3285 1063 3350 lapsum.

131 3371 168 3418 13.
186 3369 295 3419 Teutatio
306 3385 350 3420 aas
363 3385 413 3420 nou
429 3371 600 3433 apprehendat
601 3405 649 3421 .....
662 3371 705 3420 Gr.
722 3383 774 3419 non
790 3371 973 3433 apprehendit.
987 3373 1046 3436 Syr.
1059 3387 1109 3424 non
1123 3377 1155 3422 iu·

97 3439 241 3554 Effigie
257 3439 378 3487 bumana.
393 3439 420 3487 ld
434 3445 484 3498 est,
499 3439 608 3501 vulgaris
618 3476 624 3499 ,
636 3439 752 3501 modice,
765 3444 913 3492 communis
924 3447 951 3490 ei
970 3441 1092 3504 frequens
1103 3446 1155 3493 luter

127 3573 200 3622 Juxta
213 3579 325 3623 nostram
339 3575 485 3635 Vulgatam,
498 3576 609 3636 apostoli
629 3580 719 3626 votum
732 3581 783 3636 est,
800 3582 826 3626 et
838 3579 945 3640 quidem
967 3580 1155 3644 precedentibus

97 3641 242 3691 conformes
258 3642 354 3691 scilicet
367 3645 398 3691 ob
414 3645 488 3705 sopri
503 3644 596 3693 dictam
612 3645 700 3694 salutis
712 3646 906 3709 difficultatem,
919 3652 946 3698 et
958 3651 991 3699 ob
1003 3651 1090 3714 lapsus
1100 3648 1155 3712 perl-

98 3709 200 3768 culum,
217 3714 292 3772 opto,
313 3710 442 3772 Deumque
457 3723 562 3773 precor,
577 3716 723 3762 attentatio
737 3726 782 3762 vos
801 3727 854 3764 nou
872 3717 999 3779 invadat,
1025 3722 1076 3768 uisi
1091 3719 1156 3773 levis,

98 3776 212 3834 modica,
227 3776 354 3838 vulgaris,
366 3783 391 3827 et
402 3790 458 3838 quae
476 3778 549 3828 tuelle
565 3781 634 3829 vinci
647 3785 729 3843 potest
743 3801 749 3830 ι
763 3794 809 3843 ne,
822 3784 845 3831 si
857 3787 979 3847 gravior,
990 3799 1039 3837 vos
1052 3788 1154 3850 superet,

98 3848 123 3890 ct
135 3844 167 3891 ud
185 3847 392 3895 consentiendum
411 3847 514 3896 inducat
523 3868 530 3908 ς
544 3851 630 3910 sicque
649 3853 672 3899 ci
686 3852 901 3915 succumbentes,
923 3857 1034 3907 cadatis.

130 3910 172 3959 i'cl
187 3913 320 3964 consilium
339 3918 395 3975 esi,
413 3927 464 3976 quo
481 3919 605 3968 cautiores
626 3931 688 3982 eos,
704 3923 728 3969 et
749 3921 874 3986 sibiipsis
894 3928 1049 3978 attentiores
1064 3925 1154 3983 reddam
