2534 4432
304 242 475 298 rnrrrrx
493 249 714 305 exeosrrro.
734 253 817 306 cir.
837 255 888 307 rr.
1075 243 1129 310 aaa

63 337 126 388 iioc
136 334 217 389 tacite
233 337 455 406 quotiescunque
468 342 512 394 bi·
564 343 616 393 iioc
631 345 698 406 quod
713 358 757 408 ego
773 347 834 408 ieci,
846 360 891 397 vos
911 346 998 406 tacite,
1011 344 1085 408 idque
1100 349 1128 398 in

62 412 155 475 betis,
169 413 198 465 in
209 427 299 467 meam
311 428 511 471 commemora·
533 410 583 459 mel
600 415 760 463 memoriam.

64 488 183 541 tionem.

94 650 143 700 Sed
158 655 219 701 nota
234 653 317 714 primo
329 653 396 716 quiid
408 655 503 717 ubique
522 660 623 719 sanguis
637 664 662 708 et
675 662 776 721 sanguis
790 673 878 722 verus;
892 660 983 711 nullibi
998 665 1131 725 sanguinis

62 720 241 771 tantummodo
253 723 363 782 signum.

93 789 211 840 Secundo
222 790 290 852 quod
307 793 374 840 sieut
386 795 501 855 sanguis,
513 807 563 856 quo
576 794 668 847 ioedero
686 797 878 860 sauciabantur,
890 804 943 849 erat
957 801 1058 861 sanguis
1074 804 1129 853 rio·

61 862 185 911 tlmmum
202 861 230 908 in
245 860 368 911 sacrificio
381 862 520 913 oblatarum
530 901 537 924 ‚
549 867 634 927 sicque
654 878 743 916 rerum
754 869 922 929 sacrificium
935 872 969 919 ita
984 875 1009 919 et
1027 873 1129 932 sanguis

61 929 157 980 Christi
176 929 204 978 in
222 929 381 980 Eucharistia
397 934 504 995 mystice
519 935 630 995 eiiusus,
641 948 731 987 verum
746 941 784 986 est
798 939 961 989 sacrificium.
978 939 1128 991 Videilaod.

93 1075 148 1124 Hoc
159 1072 250 1135 facite,
262 1074 482 1142 quotiescunque...

92 1143 165 1205 Quod
177 1156 220 1205 ego
230 1143 288 1203 iani
302 1143 348 1192 ieci
361 1164 368 1204 ;
380 1145 425 1193 hoc
437 1151 462 1194 et
474 1158 519 1194 vos
531 1145 620 1208 facite,
631 1147 657 1194 id
668 1151 722 1206 est,
736 1153 894 1209 consecrate,
911 1151 1011 1212 offerte,
1024 1154 1126 1212 sumite,

61 1212 215 1263 distribuite.
230 1214 301 1262 Sicut
312 1216 457 1264 consecravi
467 1252 473 1274 ,
485 1220 533 1264 etc.
546 1216 597 1264 lloc
609 1215 732 1277 Apostoiis
743 1223 767 1266 et
779 1230 868 1267 eorum
881 1221 909 1266 in
918 1220 1057 1269 sacerdotio
1070 1234 1127 1270 sue-

63 1283 204 1332 cessoribus
217 1282 295 1340 dicit,
308 1285 336 1329 ut
348 1287 464 1332 notatum
478 1288 515 1333 est
529 1286 556 1333 in
569 1297 644 1334 versu
658 1283 824 1346 precedenti,
838 1291 863 1335 et
876 1289 906 1334 ut
920 1286 1064 1338 Concilium
1074 1289 1127 1337 Tri·

62 1352 197 1402 deminum
211 1350 327 1414 explicat.
338 1352 402 1402 Sess.
416 1355 456 1403 22.
472 1367 497 1405 c.
512 1359 533 1404 i.

93 1429 124 1477 in
139 1439 221 1476 mecm
232 1426 499 1476 commemorationem.
514 1427 558 1487 id,
568 1429 682 1490 inquam,
693 1427 780 1489 isiciis,
794 1429 821 1478 in
833 1427 883 1478 mei
894 1442 939 1492 pro
951 1431 1022 1481 vohis
1032 1433 1126 1482 mortui

61 1498 223 1548 memoriam.

93 1581 252 1630 Ossenvirro
264 1591 416 1629 nocuisset.
428 1578 527 1628 -llaec
538 1581 661 1629 memoria
672 1580 734 1630 reeii
751 1581 843 1630 Christi
856 1585 996 1643 praesentia
1014 1597 1067 1635 non
1082 1586 1127 1634 oli·

62 1654 123 1703 stat.
133 1649 248 1700 Christus
262 1650 331 1698 enim
347 1650 373 1697 in
386 1648 435 1696 hoc
451 1648 614 1697 sacramento
630 1648 670 1698 sni
688 1651 767 1712 ipsius
788 1650 934 1700 memoriale
949 1656 1003 1712 est;
1018 1656 1084 1702 sicui
1099 1656 1125 1702 ln

63 1720 133 1770 coelis
146 1719 260 1769 Christis
268 1719 384 1779 stigmata
398 1730 564 1777 conservans,
581 1728 633 1766 sua
646 1721 770 1780 passionis
779 1723 902 1768 aeternum
919 1723 957 1770 est
969 1721 1124 1770 memoriale.

93 1787 142 1838 Sed
155 1786 267 1836 econtra
288 1788 374 1834 omnia
393 1785 508 1835 indicant
527 1785 581 1834 haec
605 1784 662 1835 aii.
678 1786 755 1835 Paulo
769 1784 865 1846 relata,
883 1785 1032 1848 simpliciter
1051 1794 1077 1837 et
1093 1789 1125 1838 ad

63 1856 173 1907 litteram
187 1868 240 1904 esse
255 1853 429 1916 intelligenda,
440 1856 465 1902 et
476 1857 658 1916 consequenter
675 1857 760 1904 omnia
771 1866 816 1917 pro
833 1853 895 1903 reali
910 1853 1003 1906 ChrIsti
1013 1869 1125 1919 praesen·

62 1928 99 1975 tiu
133 1938 149 1973 u
168 1926 238 1972 nant.

92 1937 222 2045 inpediunt
236 1995 349 2055 tempus,
362 1992 458 2052 status,
470 1989 594 2053 quailtas,
609 1993 691 2052 actio,
702 1989 835 2052 uoluntas,
846 1995 973 2054 potestas,
986 1995 1039 2057 ipsa
1049 1995 1126 2047 rerba

63 2064 167 2116 Christi.

92 2134 218 2195 Tempus,
232 2131 260 2179 in
275 2143 327 2192 que
341 2134 409 2178 noete
427 2127 586 2187 trudebatur,
598 2127 706 2190 cumque
724 2132 832 2179 mortem
842 2133 991 2192 presentem
1004 2129 1126 2192 haberet,

62 2203 107 2255 ubi
123 2203 203 2264 tropis
220 2199 306 2249 nullus
319 2201 407 2248 utitur.
959 2219 962 2227 ·

93 2273 193 2330 Status,
214 2270 243 2319 in
256 2282 320 2330 quo,
345 2268 417 2328 quasi
436 2270 507 2331 peter
526 2267 736 2328 amantIssimus;
751 2269 857 2328 jamjam
873 2268 1027 2328 moriturus,
1048 2281 1124 2317 suum

61 2341 243 2394 testamentum
259 2337 345 2388 condit
353 2356 361 2397 ;
373 2338 400 2385 in
415 2350 465 2398 quo
479 2335 626 2398 simplicitas
639 2341 664 2386 et
675 2337 775 2388 claritas
787 2338 896 2386 maxime
912 2341 1085 2399 requiruntur,
1099 2341 1125 2386 et

62 2415 89 2462 in
103 2424 154 2472 quo
167 2421 242 2458 nemo
261 2409 360 2470 sapiens
376 2411 461 2455 utetur
476 2405 581 2467 liguris,
594 2407 746 2469 imaginem,
762 2420 789 2456 v.
807 2419 840 2470 g„
859 2406 950 2470 lapidis
965 2409 1066 2469 pretiosi
1088 2407 1125 2456 le-

62 2494 124 2544 gans
135 2518 142 2541 ‚
153 2490 199 2542 pro
210 2480 264 2540 ipso
275 2476 357 2539 lapide
368 2477 485 2537 pretioso.

71 2550 203 2613 ‘Qualitas
214 2585 222 2609 ,
232 2547 291 2597 crim
303 2546 423 2595 Mediator
434 2543 478 2592 liei
490 2547 515 2593 et
527 2544 679 2606 hominum,
691 2544 771 2595 ioedus
782 2549 905 2595 aternum
917 2548 1022 2606 statuit,
1037 2548 1064 2594 in
1073 2559 1123 2606 que

24 2662 29 2668 .
63 2620 146 2680 omre,
162 2631 214 2667 non
227 2616 332 2680 figurate
344 2613 509 2676 loquendum.

41 2711 43 2716 ¹
93 2692 149 2752 ipsa
162 2688 229 2738 actio
239 2723 246 2746 ,
258 2686 317 2736 cum
329 2684 521 2753 §aeramentum
532 2684 682 2743 maximum,
694 2686 719 2732 ei
730 2681 883 2732 sacriiloium
898 2684 1121 2743 augustissimum,
1155 2692 1159 2699 ·

65 2771 142 2820 nsque
154 2757 187 2806 ad
202 2755 279 2804 linem
290 2752 380 2802 mundi
393 2751 557 2811 duraturum,
569 2752 727 2812 instituitur,
740 2751 868 2813 inquibus
879 2752 1041 2812 aequivocatio
1058 2753 1121 2800 tanti

63 2831 116 2878 erat
129 2824 235 2889 periculi
246 2825 271 2872 et
287 2822 421 2870 momenti.

93 2895 231 2953 Voluntas,
244 2891 304 2941 crim
316 2889 380 2938 iiiios
393 2900 452 2937 suos
464 2885 639 2936 ardentissimo
658 2889 816 2949 prosequitur
828 2899 927 2946 amore,
941 2888 1026 2948 eisque
1041 2889 1123 2936 mari-

63 2978 136 3015 mum
147 2963 202 3012 vult
212 2962 323 3020 bonum,
337 2958 404 3020 quod
418 2958 514 3020 possit:
537 2957 598 3006 Cum
617 2956 738 3005 dilexisset
754 2969 841 3004 suos...
853 2957 881 3004 in
893 2956 968 3018 tinem
980 2956 1121 3006 einmteos.

93 3034 218 3094 Potestas,
236 3031 313 3081 sciens
330 3029 392 3090 quie
405 3027 422 3077 el
433 3029 483 3076 Deo
496 3026 590 3085 estoit,
606 3027 674 3076 etad
688 3028 767 3076 Deum
778 3026 863 3085 uadit,
875 3031 897 3074 et
916 3025 1001 3073 omniu
1012 3026 1089 3074 Peter
1100 3027 1123 3074 σι’

64 3104 130 3154 dedit
140 3103 168 3150 in
179 3114 288 3158 menus;
305 3098 391 3146 omnia
404 3098 494 3158 potest.

92 3173 149 3233 ipsa
172 3169 280 3230 denique
292 3167 382 3226 verba,
395 3165 519 3228 simplicia
533 3169 557 3213 ei
572 3163 639 3214 clara
650 3202 657 3225 ,
669 3164 757 3225 hisque
770 3163 920 3226 supradictis
936 3163 1120 3226 respondentia.

94 3238 224 3301 simplicia
236 3275 242 3297 ,
254 3237 339 3299 qualia
353 3241 413 3285 sunt
424 3235 504 3284 Patris
519 3236 625 3296 jamjam
644 3235 779 3295 morituri,
793 3233 858 3282 lilios
877 3247 935 3283 suos
955 3233 1121 3295 alloquentis,

63 3319 189 3368 satumque
200 3310 380 3355 testamentum
394 3303 534 3354 condentis.

94 3376 243 3439 Simplicia,
262 3373 345 3437 qualia
363 3377 424 3422 sunt
444 3373 520 3422 verba
544 3373 636 3422 sinceri
658 3369 812 3433 laudatoris,
834 3375 957 3422 aternum
974 3372 1055 3422 ioedus
1070 3377 1123 3423 sta-

63 3448 168 3495 tuentis.

94 3515 223 3578 Simplicia
234 3551 241 3574 ‚
254 3512 338 3575 qualia
351 3516 411 3562 sunt
422 3511 598 3561 verbasummi
610 3509 749 3571 pontificis,
762 3511 913 3559 sanctissimi
922 3514 946 3558 ct
957 3512 1120 3571 veracissimi,

64 3583 157 3634 iulsum
179 3583 284 3644 dogma,
302 3588 326 3630 ct
338 3595 440 3630 ornnem
458 3579 624 3630 idololatriam
639 3583 749 3629 niaximo
764 3580 881 3628 habentis
902 3579 976 3639 odio,
993 3584 1018 3629 et
1031 3582 1122 3642 quilius

64 3658 262 3716 cousequenter,
280 3664 311 3700 nc
326 3653 459 3700 minimam
476 3649 577 3710 quidem
593 3649 667 3698 veliet
681 3653 733 3698 suis
744 3650 826 3699 verbis
840 3651 998 3698 occasionem
1009 3648 1123 3708 dedissc;

63 3725 131 3788 quod
142 3731 229 3774 tamon
244 3724 331 3772 reverit
347 3721 406 3770 iecit
417 3759 424 3781 ,
437 3723 456 3768 si
474 3720 576 3780 tigerne
595 3720 693 3770 locutus
709 3727 755 3770 cst.

96 3795 226 3858 Simplicia
237 3832 244 3854 ‚
256 3793 340 3855 qualia
355 3794 416 3842 sunt
430 3790 504 3838 rerba
520 3789 653 3838 Salvatoris
665 3828 672 3851 ,
685 3796 776 3840 nostres
788 3791 875 3840 salutis
887 3789 1063 3848 ualentissimi,
1077 3802 1123 3850 po-

63 3867 208 3925 tentissimi,
219 3868 244 3915 et
255 3863 395 3912 maximum
408 3859 479 3908 nobis
491 3859 602 3919 bonum,
617 3862 732 3910 omniurn
745 3873 849 3911 suorum
862 3859 1017 3909 mirabilium
1028 3871 1123 3907 inemo-

64 3933 143 3996 rialc,
155 3932 236 3984 iacere
249 3930 365 3982 volentis.
