2520 4440
149 276 185 328 12
442 275 650 344 tersione
669 278 719 349 AD
735 276 923 330 ROMANOS

151 383 182 418 ex
191 382 242 430 quo
256 373 343 418 tamen
353 368 480 418 mundum
492 375 546 420 tam
562 371 671 420 miritice
684 384 749 420 con·
772 373 927 434 screatum
934 371 1042 434 mundi,
1051 383 1102 437 per
1111 381 1144 422 ea
1153 381 1210 435 quae

150 438 215 486 didit
228 441 253 486 et
264 437 440 498 administrat3
458 441 486 487 ln
504 440 623 500 operibus
638 441 691 487 suis
709 441 749 488 in·
772 451 843 503 sam
862 456 942 513 sum,
960 449 1118 511 flagellem,
1145 460 1211 498 cou-

150 505 252 554 tellecta
270 507 425 566 conspicitur
431 526 439 565 ;
457 519 581 568 erupere
599 506 748 567 intelligitur
773 529 948 593 spiciumu„
962 525 1211 591 sempiternam,

150 574 248 636 opificis
262 586 361 636 semper
371 575 466 624 durans
477 577 660 637 omnipotentia
670 577 747 636 ,quin
793 620 828 657 ue
842 604 910 656 em.
920 604 1009 655 vinus
1021 577 1054 654 e,
1064 601 1210 653 divinitas:

150 646 245 704 eteius
260 644 484 693 divinitaszitaut
499 644 682 698 inexcusabiles
697 646 748 692 sint
772 621 791 670 q
856 620 886 694 ³.
931 682 938 692 .
1032 679 1103 732 δώῃ

151 725 239 762 omnes
249 715 322 774 impii
333 713 487 775 phuowphi·
773 688 1030 735 rtautsrntrnexcu
1104 693 1146 733 es,

180 781 245 843 Quia
254 783 335 832 ileum
345 783 406 831 crim
415 785 592 844 cognoverint,
604 783 747 832 bcotamen
807 788 852 836 21.
863 785 932 847 Quia
943 781 1007 835 crim
1016 781 1211 848 cognovissent

150 853 264 902 debitum
280 853 403 902 honorem
422 863 474 901 uon
494 853 682 912 exhibuerunt,
701 866 748 900 nec
772 865 875 923 neum,
888 874 946 911 non
956 858 1027 911 sicut
1035 861 1126 910 neum
1138 857 1212 925 glori·

151 922 367 978 cammerinum,
376 926 404 970 ut
416 926 561 983 supremam
575 924 732 981 majestatem
740 941 748 982 ;
773 939 939 1000 fimorum,
959 942 1014 988 aug·
1025 934 1130 1002 gmfias
1151 947 1212 1002 ege.

151 1003 199 1040 nec
212 991 261 1052 ipsi
278 991 371 1051 grains
390 996 510 1051 egerunt,
527 996 556 1040 ut
574 993 690 1039 omnium
704 990 750 1039 bo-
773 1022 854 1067 mm.
871 1015 921 1067 sed
936 1019 1110 1065 evanuerunt
1125 1012 1155 1064 in
1166 1025 1212 1064 ω,

151 1072 243 1108 ιιοιιιιιι
261 1062 377 1119 auctori;
397 1060 441 1108 scd
458 1063 518 1109 rani
537 1065 563 1113 et
582 1062 671 1108 inanes
689 1059 748 1108 iacti
792 1097 799 1108 .
842 1055 855 1106 .'
891 1095 919 1145 ,ὓ
999 1093 1006 1104 .
1067 1096 1077 1142 ι
1105 1091 1126 1143 b

151 1131 246 1178 suntin
258 1131 495 1185 ratiocinationibus
506 1132 574 1190 suis,
585 1129 691 1178 seientia
703 1129 748 1177 sui
774 1101 905 1182 gnam,
920 1107 953 1182 ¹¹?
964 1103 1065 1181 surm
1088 1105 1106 1143 ⁰
1127 1104 1213 1177 ΜΨ

151 1197 184 1246 ad
195 1211 288 1247 ranam
299 1197 404 1259 gloriam
421 1200 568 1258 abutentes;
579 1199 691 1258 hincque
705 1197 749 1245 ob
773 1180 833 1224 ¹⁰⁰¹
844 1177 887 1224 ⁰⁵¹
897 1181 1210 1236 ¹⁰⁵¹P¹⁶⁰⁶⁰⁰f⁰⁰mm·

151 1267 748 1329 scumtnscstccrumintelicctns‚verasapienua

150 1338 334 1399 destitutus,et
344 1341 372 1387 in
387 1341 471 1388 varios
480 1352 576 1388 errores
585 1376 592 1398 ,
600 1344 688 1386 contra
701 1350 749 1384 na·

150 1406 232 1455 turale
242 1405 344 1466 lumen,
356 1406 487 1467 prolapsus
502 1409 549 1453 est.

181 1473 246 1522 cnm
256 1476 325 1522 enim
334 1477 481 1534 semetipsos
492 1476 617 1534 sapientes
626 1475 748 1535 lucerent,
807 1474 852 1523 22.
868 1470 997 1522 Dicentes
1011 1469 1089 1521 euim
1106 1481 1138 1520 se
1155 1477 1211 1520 esee

151 1546 177 1589 et
188 1553 216 1590 se
229 1543 302 1602 quasi
321 1544 451 1604 sapientia}
466 1554 519 1590 sua
538 1547 669 1600 auctores,
681 1542 750 1591 cele·
773 1549 926 1616 sapientes,
937 1545 1013 1598 stulti
1026 1545 1095 1598 facti
1105 1549 1179 1597 sunt.

150 1612 217 1660 brari
233 1613 361 1671 sinerent,
378 1612 478 1669 revera,
496 1611 588 1660 deserti
603 1613 618 1660 a
631 1613 691 1660 reri
709 1626 750 1661 sa-

151 1680 263 1742 pientia3
276 1679 347 1728 stulti
361 1679 421 1728 iacti
433 1682 503 1727 sunt.

181 1748 305 1811 videque
318 1748 431 1798 stultitia
444 1749 609 1799 devenerunt.
623 1750 749 1800 Honorem
807 1752 852 1802 23.
867 1751 1089 1800 simulaverunt
1101 1745 1213 1813 gloriam
1245 1760 1247 1764 ·

151 1816 198 1864 soll
210 1816 261 1865 lico
272 1817 457 1880 incorruptibili
469 1817 599 1878 debitum,
613 1819 751 1868 transtule-
773 1826 992 1892 incorruptibilis
1000 1825 1068 1886 nei,
1082 1826 1113 1877 in
1121 1822 1213 1876 simili-

150 2003 199 2053 que
210 1990 427 2052 significatam
438 1991 511 2040 lactis
523 1991 646 2040 intellectu
659 1994 854 2055 conspiciuntur.
864 1991 920 2052 Syr.
932 1989 1065 2038 recondita
1079 1986 1213 2044 enim'llei,

150 2062 165 2110 i
176 2062 251 2121 jactis
262 2060 350 2108 mundi
360 2059 532 2109 fundamentis
538 2082 546 2120 ;
554 2061 586 2109 ab
597 2063 676 2122 ipsius
687 2063 823 2120 creaturis,
833 2059 962 2108 intellectu
973 2057 1213 2120 deprehenduntur;

151 2129 178 2178 id
193 2132 246 2188 est,
261 2128 381 2177 attributa
394 2127 454 2188 liei,
471 2140 528 2189 quae
543 2128 651 2188 alioqui,
667 2141 715 2178 nec
735 2129 828 2187 rideri,
847 2140 894 2177 nec
912 2126 1000 2188 aliquo
1020 2137 1100 2175 scnsu
1120 2125 1213 2190 percipi

149 2201 264 2259 possum.

180 2267 331 2316 locuturo
344 2266 447 2326 muudi5
458 2266 484 2314 id
494 2269 545 2325 est,
554 2265 570 2314 a
579 2267 707 2314 creatione
722 2267 829 2328 mundi,
842 2268 875 2316 ab
891 2267 965 2316 initio
976 2264 1070 2314 mundi
1079 2303 1087 2325 ,
1096 2263 1112 2313 a
1120 2261 1214 2313 mundo

151 2335 267 2394 condito,
280 2348 327 2396 per
344 2349 374 2384 ea
393 2349 448 2396 qun
462 2335 531 2396 foetu
544 2340 602 2382 runt
610 2352 620 2395 ,·
632 2335 658 2383 id
674 2339 728 2396 est,
744 2349 774 2384 ex
791 2335 1004 2397 contemplatione
1022 2347 1112 2383 rerum
1126 2331 1214 2382 ab'illo

150 2407 292 2453 creatarum
307 2405 406 2463 cognita
421 2421 428 2450 ι
444 2404 645 2464 conspiciuntur,
661 2405 729 2452 sicut
747 2404 784 2453 sol
800 2407 827 2453 in
843 2406 908 2464 aqna
925 2422 932 2451 ι
949 2403 1104 2463 sempiterno
1120 2411 1215 2463 quoque

150 2473 231 2522 unus
247 2471 316 2532 ejus,
328 2469 353 2519 'ct
369 2472 503 2532 divicias,-
518 2470 611 2530 idest,
627 2475 721 2520 aterna
740 2485 840 2534 quoque
854 2476 909 2532 eius
924 2472 1112 2532 omnipotentia
1132 2474 1159 2521 et
1176 2481 1215 2517 es-

150 2543 230 2589 sentia
239 2576 247 2598 ,
257 2541 381 2600 principio
392 2549 481 2588 carens
491 2538 587 2587 etlinc.
599 2540 639 2588 ltu
648 2547 677 2588 ut
687 2542 736 2589 sint
746 2539 926 2590 inexcusabiles
933 2557 945 2601 ,·
952 2538 1051 2588 seilicet
1061 2539 1094 2589 de
1106 2537 1214 2605 peccatis

150 2612 216 2668 suis,
229 2621 274 2658 seu
288 2621 319 2656 ex
331 2620 361 2656 eo
375 2607 443 2668 qubd
456 2619 515 2655 eum
531 2620 583 2656 non
596 2608 746 2667 cubuerunt,
763 2614 792 2658 ut
807 2623 835 2659 n.
851 2622 903 2670 seq.
987 2646 990 2648 -

179 2677 289 2727 idundus
299 2677 438 2725 divinitatis
446 2680 484 2724 est
494 2676 573 2736 liber,
583 2676 714 2738 speculum
724 2678 868 2727 divinorum
876 2715 883 2737 ,
892 2679 920 2725 in
935 2688 986 2738 qno
998 2687 1025 2724 se
1036 2675 1106 2726 Deus
1116 2687 1214 2739 expres-

150 2749 196 2806 sit;
207 2745 341 2794 harmonia
352 2745 444 2792 mundi
458 2748 495 2792 est
510 2747 582 2805 quasi
593 2747 691 2794 musica
703 2747 782 2795 licum
796 2746 937 2807 praedicans
950 2749 975 2792 ct
988 2744 1109 2794 laudans.

180 2816 254 2864 llune
264 2814 357 2862 librom
372 2813 486 2874 legerunt
499 2813 658 2875 philosophi,
674 2812 772 2877 illisque
788 2816 836 2865 luit
844 2816 916 2875 quasi
930 2814 1111 2875 Evangelium.
1124 2816 1155 2864 ln
1168 2814 1214 2863 hon

149 2883 394 2948 speculoquamdam
404 2882 571 2931 lleividerunt
580 2884 716 2944 imaginem
723 2904 732 2945 i
740 2885 788 2934 hac
799 2885 897 2933 musleri
909 2883 989 2932 licum
999 2896 1088 2933 rerum
1099 2885 1214 2933 omnium

149 2958 278 3006 auctorem
293 2955 458 3014 agnoverunt.

180 3024 213 3073 At
224 3022 275 3084 qud
285 3022 342 3085 pius
355 3024 383 3071 in
396 3022 446 3071 illis
457 3021 505 3070 iuit
518 3024 644 3082 scientia,
655 3023 685 3071 ed
696 3024 782 3073 minois
796 3023 845 3072 luit
858 3025 1037 3073 excusationis.

180 3110 222 3157 21.
235 3106 302 3164 Quia
320 3104 378 3154 cim
393 3107 561 3166 cognovissent
574 3107 684 3154 Deum...
702 3107 746 3155 liis
762 3106 843 3155 tribus
861 3119 927 3156 vers.
941 3107 1108 3166 sequentibus
1127 3106 1216 3172 triplex

151 3175 299 3226 describitur
309 3173 517 3236 philosophorum
531 3175 694 3234 ingratitudo.

182 3249 206 3292 i·
228 3243 299 3304 Quod
310 3242 403 3299 licum,
411 3255 487 3303 quem
499 3243 692 3303 cognoscebant,
701 3255 752 3292 non
761 3243 989 3303 honoraruntmcc
997 3244 1048 3306 ipsi
1056 3238 1087 3293 ut
1098 3247 1215 3296 omnium

151 3317 275 3365 honorum
289 3314 387 3361 auctori
400 3314 491 3372 gratias
504 3317 618 3372 egerunt.

180 3399 221 3448 22.
228 3395 277 3444 Sed
287 3399 470 3442 evanuerunt...
480 3392 523 3442 Gr.
534 3395 561 3442 iu
569 3396 803 3444 ratiocinationibus
812 3397 874 3444 suis.
886 3399 912 3445 2ί
926 3396 1032 3458 Superbi
1045 3402 1072 3447 et
1083 3400 1147 3448 sani
1158 3398 1215 3448 iacti

150 3469 226 3526 sunt,
237 3475 264 3513 sc
280 3465 405 3523 sapientes
417 3461 552 3523 diruunt,
568 3475 645 3524 sequc
659 3467 731 3524 quasi
747 3477 799 3514 suae
812 3466 941 3526 sapientia
953 3469 1089 3528 auctores,
1104 3469 1216 3518 venerati

150 3538 219 3584 sunt.

181 3620 221 3666 23.
232 3617 264 3664 Et
272 3619 432 3663 mutaverunt
445 3613 586 3674 glorium...
595 3619 622 3666 3·
633 3613 702 3676 qudd
714 3615 838 3677 stupenda
849 3615 931 3668 cordis
944 3619 1059 3666 cecitate
1072 3620 1102 3668 in
1114 3618 1217 3686 idolola-

150 3688 225 3736 triam
234 3682 343 3746 prolapsi
353 3686 423 3731 sunt.
435 3683 491 3732 lion
505 3683 622 3734 homiues
636 3684 750 3744 tauthm,
759 3685 803 3733 sed
813 3690 838 3732 et
850 3683 1098 3748 volucresbcstias,
1106 3688 1217 3750 quadru-

151 3754 226 3819 pedes
235 3758 261 3802 et
271 3756 399 3814 serpentes
410 3755 522 3801 venerati
531 3758 606 3802 sunt:
617 3753 669 3802 imo
677 3757 702 3802 et
711 3747 812 3801 illorum
824 3754 959 3813 imagines,
967 3758 996 3802 ut
1006 3761 1079 3804 notat
1088 3756 1119 3806 1).
1127 3757 1215 3818 Chrys.

150 3824 221 3874 {lude
231 3827 300 3886 patet
310 3821 362 3870 ialli
374 3818 508 3870 Calvinum
518 3827 652 3883 negantem
664 3821 933 3881 idololatrasunquam
949 3822 1067 3873 adorasse
1083 3828 1214 3888 imagines.

180 3892 260 3953 Quam
268 3890 388 3940 terribilis
399 3889 457 3951 ergd
468 3892 632 3940 scientiarum
641 3891 747 3939 abusus!
757 3889 898 3938 vanitatem
906 3892 986 3952 parit,
996 3891 1154 3944 oblivionem
1162 3892 1214 3952 liei,

151 3963 232 4025 ipsam
253 3958 431 4010 idololatriam.
448 3960 558 4009 seleutia
580 3957 728 4008 naturaliter
748 3957 821 4007 debet
836 3958 954 4008 nobisne
975 3958 1040 4021 nco,
1053 3969 1159 4025 propter
1175 3975 1215 4013 ca-
