2520 4440
161 263 194 310 'il
456 257 659 311 spissata
678 255 726 307 Ab
743 252 927 306 nouimus

160 351 362 412 immersi,quasi
376 349 466 415 sepulti
478 351 573 400 luimus
583 370 590 411 ;
600 351 665 400 slcut
676 348 760 398 Chris·
782 354 901 401 mortem
908 365 916 413 ;
932 351 963 400 ut
975 343 1120 419 quomodo
1131 337 1207 399 Chris-

160 425 202 468 tus
213 419 297 468 triduo
311 419 359 469 fuit
372 422 399 470 in
410 426 476 470 terra
487 420 599 483 sepultus
611 423 660 468 :ut
674 429 760 480 quem-
783 432 829 477 ωε
838 423 956 478 surrexit
964 421 981 474 d
990 420 1208 487 mortuispergle

160 486 298 536 admodum
315 487 445 548 Christus,
465 501 510 551 par
527 488 572 537 Dei
591 489 727 548 virtutem,
745 487 760 535 a
784 503 853 555 siam
865 499 1016 564 patris'ffl
1029 503 1057 550 et
1068 497 1208 550 „03111110-

160 557 268 605 mortuis
285 559 407 606 excitatus
425 561 476 618 est,
491 558 570 606 sitam
589 560 694 606 acturus
710 557 761 604 lm·
785 579 867 632 vitale
878 577 941 630 νὴ
951 575 1135 629 ambulemus·

161 623 307 685 rnortalem;
317 626 384 673 itaet
395 638 451 685 nos,
460 638 504 687 per
511 625 676 687 baptismum,
684 623 761 684 hujus

162 693 238 740 etiam
245 692 336 741 Christi
346 695 537 743 resurrectionis
545 696 762 754 repraesentatores

162 763 187 806 et
204 761 351 822 participes,
371 773 503 822 surgamus
520 773 551 808 cx
563 760 652 821 aquis,
669 772 762 810 novam

161 827 251 876 exinde
261 829 340 876 vitam
355 828 451 886 acturi,
464 830 488 875 et
497 828 525 875 in
536 825 584 875 hae
595 840 660 876 nova
674 830 699 876 et
710 839 762 877 coe-

163 896 217 944 testi
229 898 281 944 vita
292 897 489 961 perseveraturi,
499 898 524 944 et
534 896 562 944 iu
574 907 631 944 eam
642 896 762 946 continue

162 969 326 1028 progressuri.

195 1140 241 1188 Per
253 1139 377 1203 baptisma
393 1143 462 1190 enim
478 1141 611 1190 assimilati
626 1152 716 1189 sumus
734 1138 835 1188 Christo
855 1136 952 1201 sepulto
966 1155 972 1186 =
986 1137 1048 1198 quia
1060 1136 1132 1185 siem
1141 1132 1210 1184 triduo

164 1207 278 1258 Christus
291 1209 341 1258 luit
356 1212 383 1258 in
399 1213 465 1258 terra
482 1209 610 1272 sepultus3
622 1211 660 1259 sic
675 1213 714 1257 ter
728 1209 904 1268 immergimur
915 1209 942 1255 iu
954 1205 1029 1266 aque.
1079 1246 1082 1250 ,

195 1280 224 1326 hc
237 1285 355 1338 mortem,
372 1280 398 1328 id
416 1285 469 1340 est,
483 1280 516 1328 ad
536 1277 765 1341 representaudum
786 1280 864 1327 etiam
885 1275 965 1325 oculis
980 1273 1083 1324 Domini
1096 1275 1210 1324 mortenia

164 1360 216 1396 non
233 1347 351 1410 sepelitur
364 1351 433 1398 euim
448 1350 498 1398 nisi
512 1352 638 1398 mortuus.

196 1431 225 1478 Ut
243 1431 368 1491 quomodo
383 1431 497 1480 chartus
509 1445 556 1493 per
567 1431 679 1493 phuam
688 1451 697 1482 s
706 1430 735 1491 id
748 1427 801 1492 est',
813 1441 858 1492 per
870 1429 1009 1491 potentiam
1020 1425 1065 1475 liei
1076 1424 1210 1487 gloriosam,

165 1499 289 1555 surrexit,
301 1497 344 1546 Cr.
358 1500 479 1547 excitatus
496 1503 534 1547 est
547 1499 686 1548 amortuis.
696 1498 779 1547 Vitam
791 1498 888 1548 scilicet
898 1493 1069 1544 immortalem
1082 1495 1187 1542 aeturus.

196 1580 235 1628 ltu
250 1586 273 1629 et
292 1594 337 1628 nos
358 1581 387 1628 in
408 1581 546 1630 ascoltate...
564 1579 589 1628 id
606 1583 660 1641 est,
677 1581 713 1629 ita
732 1593 779 1630 nos
796 1581 920 1642 baptismo
933 1575 1114 1639 resurgentes,
1134 1584 1212 1623 novam

165 1649 254 1698 exinde
270 1652 348 1699 vitam
364 1663 485 1712 agamus,
498 1655 522 1699 et
535 1650 636 1712 quidem
647 1649 706 1699 tiliis
717 1651 760 1700 Dei
774 1651 894 1712 dignam,
911 1650 1056 1698 constanter
1067 1647 1096 1695 in
1113 1645 1211 1709 justitia,

165 1717 347 1779 perseverando
359 1722 383 1767 et
394 1731 492 1780 semper
505 1731 549 1780 per
561 1731 636 1780 opera
648 1719 713 1768 bona
725 1717 888 1780 proficiendo.

196 1788 267 1846 Tunc
284 1787 423 1849 baptismus
442 1788 591 1850 plerumque
610 1800 654 1850 per
672 1789 767 1837 trinam
781 1788 892 1849 corporis
910 1786 1101 1841 immersionem
1117 1779 1213 1832 contere

165 1857 240 1904 batur
260 1873 267 1904 r
286 1855 341 1905 haec
357 1860 443 1906 autem
463 1859 530 1906 trina
549 1859 661 1919 corporis
680 1858 826 1916 immersio,
838 1867 894 1916 quar
912 1852 987 1904 tiebat
1002 1855 1030 1902 in
1045 1854 1213 1916 baptismo,er

165 1925 194 1973 Ι).
217 1923 294 1974 Paulo
313 1927 505 1987 repraesentabat
525 1931 632 1975 mortem
653 1931 678 1975 et
702 1925 859 1987 sepulturam
877 1923 970 1972 Christi
988 1940 994 1971 r
1012 1933 1105 1984 corpus
1122 1917 1180 1993 verb
1191 1928 1213 1964 er

165 2006 244 2054 aqua,
263 1997 319 2056 post
339 1996 528 2045 immersionem
534 2006 545 2056 ,·
562 2007 711 2058 resurgens,
727 1993 918 2044 resurrectionis
935 1989 1028 2063 Christt
1045 1989 1145 2052 gerebat
1160 1989 1213 2036 imu-

165 2065 258 2124 ginem.
1008 2078 1011 2083 ·
1180 2077 1184 2083 ’

193 2134 250 2194 ipsa
264 2135 349 2194 imque
361 2133 479 2194 baptismi
489 2131 569 2182 torma
581 2134 683 2192 mortis,
698 2130 834 2193 sepultura
845 2134 870 2180 et
880 2129 1072 2180 resurrectionis
1084 2127 1173 2178 Christi
1185 2127 1213 2174 cst

165 2202 330 2264 significati03
342 2207 367 2250 et
380 2204 439 2262 quia
458 2205 614 2251 sacramenta
628 2205 713 2250 nostra
731 2202 843 2250 efficiunt
860 2200 886 2249 id
896 2199 963 2262 quod
980 2196 1137 2260 significant,
1149 2201 1176 2244 ut
1187 2195 1214 2243 uit

165 2273 194 2321 b.
209 2273 331 2332 Thomas;
340 2272 480 2333 baptismus
489 2275 516 2320 in
528 2273 599 2321 nobis
610 2268 727 2334 producit
737 2272 841 2321 effectus
850 2273 952 2330 mortis,
964 2267 1101 2330 sepultura
1109 2272 1134 2317 et
1144 2277 1214 2328 resur·

166 2343 285 2391 rectionis
295 2341 387 2390 ChrIsti
400 2357 407 2387 r
419 2341 473 2390 haec
483 2341 556 2390 nobis
565 2343 601 2390 sic
612 2340 722 2404 applicat
736 2342 872 2404 mysteria,
883 2343 911 2389 ut
924 2339 1027 2389 illorum
1043 2337 1139 2388 flamm
1148 2335 1213 2400 parss-

165 2411 242 2471 cipes.
266 2432 269 2439 <

197 2479 243 2527 Per
254 2477 448 2540 applicationem
466 2480 556 2528 mortis
574 2481 598 2528 at
615 2479 750 2541 sepultura
762 2479 855 2529 Christi
866 2496 874 2538 ,·
887 2479 974 2527 omnia
987 2474 1062 2528 nobis
1072 2478 1172 2542 peccata
1181 2483 1213 2524 re

167 2551 319 2607 mittuntur,
332 2552 357 2596 et
368 2551 472 2608 peccato
484 2549 617 2596 morimur.

196 2617 241 2665 Per
251 2615 447 2678 applicationem
460 2619 651 2666 resurrectionis
666 2617 773 2678 Christi,
784 2617 864 2678 gratia
883 2616 958 2666 nobis
973 2615 1213 2673 communissima

168 2687 218 2736 silai
230 2687 295 2736 nove
309 2684 433 2747 spirituali
445 2689 470 2734 et
481 2686 567 2735 divine
577 2689 696 2736 vivimus.

196 2756 339 2805 Notandum
356 2759 441 2804 autem
455 2760 479 2803 1⁰
492 2757 558 2816 quod
574 2756 636 2805 dicit
646 2755 798 2818 Apostolus:
814 2755 956 2818 Consepulti
967 2769 1058 2805 sumus
1072 2756 1101 2805 r‘n
1110 2760 1212 2812 munaus

168 2827 193 2876 id
207 2829 259 2886 est,
271 2829 300 2875 ut
311 2826 460 2874 moriamur.
473 2824 586 2876 Christus
598 2829 654 2890 post
669 2830 776 2877 mortem
790 2826 903 2891 sepultus
917 2830 974 2876 est:
988 2826 1148 2876 Christianus
1158 2835 1212 2886 sepe
1252 2822 1254 2855 ³

168 2895 245 2955 litur,
256 2897 285 2943 ut
300 2896 432 2943 morietur.

198 2963 267 3022 Quod
284 2963 375 3012 Christi
394 2976 468 3022 crux,
484 2961 533 3013 hoc
550 2964 632 3013 uobis·
644 2964 783 3026 baptisma,
800 2966 837 3012 ait
861 2963 890 3012 D.
907 2963 998 3026 Chrys.
1017 2965 1085 3013 sicut
1103 2965 1130 3018 lu
1152 2969 1211 3012 eruce

168 3033 282 3082 Christus
293 3031 344 3080 fuit
358 3031 492 3091 exaltatus,
511 3035 540 3080 ut
555 3031 696 3081 secundum
712 3044 815 3081 carnem
832 3034 991 3091 moreretur;
1005 3033 1042 3081 sic
1059 3031 1211 3096 baptizamur,

168 3107 197 3149 ut
209 3105 311 3162 peccato
323 3102 472 3149 moriamur.

198 3169 341 3218 Notandum
357 3171 383 3216 20
403 3168 470 3229 qudd
487 3168 542 3218 haec
562 3170 702 3231 expressio,
720 3169 748 3218 ia
765 3172 885 3226 mortem,
898 3167 1024 3228 significat
1039 3168 1107 3219 hanc
1122 3171 1211 3218 mortem

169 3243 281 3288 nostram
290 3238 379 3287 debere
392 3251 445 3287 esse
455 3241 612 3299 continuam,
621 3243 645 3287 et
655 3243 707 3287 toto
716 3241 774 3288 vitae
787 3243 879 3288 nostre
888 3242 1001 3300 tempore
1009 3250 1130 3289 crescere.
1139 3234 1210 3287 houd

168 3321 257 3357 sumus
268 3311 292 3356 et
304 3307 408 3368 sepulti,
420 3311 449 3356 ut
460 3319 558 3370 semper
570 3309 709 3357 moriamur
724 3311 875 3369 inpeccuto.

198 3376 341 3427 Notandum
355 3376 461 3438 denique
473 3377 540 3437 quod
551 3377 613 3426 dicit
624 3377 691 3426 idem
702 3376 835 3439 Apostolus
849 3396 856 3425 r
868 3381 898 3426 ut
910 3376 937 3425 in
948 3379 1058 3427 novitate
1067 3378 1125 3427 aitte
1136 3374 1209 3426 ombo-
1252 3396 1254 3401 ·

170 3448 256 3496 lemos.
270 3446 322 3495 lluc
341 3448 410 3494 enim
429 3446 525 3495 indicat
542 3445 612 3507 qarbd
627 3449 693 3496 sicut
708 3459 776 3495 mors
790 3449 876 3495 nostra
886 3446 901 3494 a
912 3450 1031 3507 peccato,
1044 3456 1142 3507 semper
1155 3440 1208 3492 debut

169 3528 296 3576 crescere;
312 3516 347 3564 ita
364 3518 416 3564 vita
434 3518 519 3576 gratias
535 3528 634 3577 semper
654 3516 727 3565 debet
742 3515 871 3577 prolicere.
885 3515 940 3564 Non
960 3514 1054 3565 sullicit
1073 3514 1207 3565 Christiano,

169 3585 235 3647 ‹pudd
249 3587 282 3634 sit
296 3586 324 3633 in
338 3586 417 3645 gratia
430 3584 538 3646 Christi,
549 3584 622 3633 debet
638 3586 665 3633 in
682 3597 711 3634 aa
731 3584 872 3647 ambulare,
886 3583 1024 3646 prolicere,
1039 3584 1073 3634 ad
1083 3581 1206 3646 ampliorem

170 3653 272 3703 tendere
282 3652 472 3714 perlectionem.

200 3724 258 3772 i‘ost
268 3721 400 3783 Origenem
409 3724 540 3782 existimo,
555 3720 622 3783 qued
633 3720 807 3784 Apostolorum
818 3724 939 3783 tempore,
946 3721 1139 3773 catechumenis
1149 3713 1206 3778 expli·

171 3794 221 3840 cari
235 3791 348 3840 solebant
356 3796 415 3839 unte
426 3791 457 3838 ba
476 3793 593 3850 tismum,
608 3791 662 3840 haec
673 3791 829 3853 baptismatis
840 3793 920 3839 virtus
929 3794 954 3838 ct
965 3790 1114 3851 significatio
1121 3778 1204 3851 ,etde

170 3869 291 3922 tarrquam
302 3860 333 3910 dc
344 3873 371 3910 re
384 3865 444 3909 nota
458 3804 584 3910 Romanos
595 3861 731 3922 interrogat
742 3856 874 3923 Apostolus
887 3873 894 3908 τ
905 3873 939 3908 eo
947 3860 1072 3922 ipnorutr's
1073 3892 1120 3910 .....
1147 3887 1153 3897 ·

202 3931 304 3982 Utinam
318 3933 344 3979 ct
363 3931 455 3980 nostris
473 3928 622 3980 Christianis
638 3929 693 3991 hacc
709 3933 769 3994 potu
786 3929 881 3994 foreat,
893 3932 919 3981 et
935 3931 962 3991 iu
982 3928 1091 3989 illorum¹
1101 3919 1203 3979 manilii
