2520 4440
284 274 456 326 TRIPLEX
474 274 701 328 expositio.
721 275 803 331 cni).
823 275 860 327 ii.
1065 277 1102 328 2⁹

65 368 150 428 Dens,
163 369 251 430 utpote
269 381 341 417 mens
357 373 449 418 oeterna
468 373 493 418 et
510 371 605 430 optima
615 406 622 429 ,
634 373 745 417 mentem
760 367 919 431 potissimum
934 372 1045 431 spectat,
1057 380 1100 419 cor

38 440 171 498 intuetur,
190 438 221 486 (ie
234 437 309 486 eorde
316 438 432 498 judicat:
447 441 531 485 mente
545 438 621 498 igitur
632 439 657 484 et
668 435 743 485 eorde
759 437 919 499 potissimnin
938 438 1084 488 serviendus
1092 458 1099 499 ς

37 514 123 558 mente
136 507 203 569 puri
213 543 220 567 ,
230 506 305 555 eorde
318 505 428 575 montioq
437 518 481 554 seu
492 507 518 553 in
531 506 620 566 epiriiu
633 509 657 552 et
668 507 772 554 venitote
784 506 934 556 adorandus.

65 578 178 627 Tenem.
191 577 268 625 Exn.
281 578 321 624 io.
336 576 403 624 disee
417 578 442 623 et
460 573 591 623 recordare.
608 587 719 636 semper,
729 575 796 636 quod
810 579 862 626 veri
878 576 1013 627 Christiani
1028 577 1098 638 lons,

37 660 85 697 non
98 661 129 696 ox
142 646 311 705 hominibus,
323 645 366 694 sed
379 657 409 694 ex
419 644 482 704 Deo,
493 646 536 705 qni
548 648 659 695 mentem
672 649 696 693 et
710 658 752 694 cor
765 648 886 695 intuetur.

62 716 129 778 Ergo
139 716 172 765 ad
186 715 324 764 hominnm
335 713 430 774 indicia
441 713 590 776 plerumque
602 713 663 763 talen
675 726 726 763 non
736 712 934 775 attendendum
947 715 990 764 sed
998 716 1030 765 nd
1040 716 1099 770 Dei,

37 800 77 837 eor
86 787 266 850 penetrantis,
276 785 417 846 indicium:
431 787 570 844 aeetiment,
587 787 751 833 contemnant
769 784 885 835 hominen
898 804 904 834 ι
917 785 978 846 quid
995 785 1027 834 nd
1042 790 1100 836 me!

36 869 79 906 neo
89 859 218 906 virtutem
229 854 300 904 debit
311 866 398 904 eorum
411 855 571 914 existimatio,
579 865 626 902 neo
639 853 735 903 auferet
744 859 905 917 contemptus
916 873 921 904 ι
932 867 989 903 sum
1001 854 1026 903 id
1035 856 1100 916 qnod

37 938 88 975 enm
100 939 193 975 eoram
208 924 278 985 Deo;
288 929 376 973 oaetera
389 923 463 973 nihil.

61 995 191 1057 Domine,
204 993 276 1043 Deus
284 996 422 1058 virtutum,
434 995 552 1043 converto
562 1003 620 1053 ωας
632 991 736 1042 domitii
746 996 904 1054 correctum,
913 1004 956 1042 eor
968 1004 1054 1043 amore
1063 995 1099 1043 ini

37 1063 139 1125 tervens,
149 1074 198 1113 cor
210 1066 238 1114 te
249 1061 343 1113 vertet
353 1061 450 1115 sineere
463 1061 569 1121 diligens
580 1078 587 1109 ε
600 1063 662 1110 tnno
670 1061 791 1125 quidquid
802 1064 835 1113 sii
848 1062 880 1113 de
890 1062 1099 1126 hominnmjudi·

36 1136 90 1199 ein,
103 1133 219 1186 ostende
232 1132 465 1196 societatemn
474 1129 559 1183 salvus
569 1142 622 1182 ero.
