2520 4440
157 220 211 273 sto
354 222 485 275 iniusti
503 221 702 275 EPISTDLAE
720 222 770 274 AD
783 221 1029 275 CORINTHIOS

155 313 755 376 moresdissrdiacumecramctrnterrosiu
777 315 1207 384 esse‚utetqu1probaiisunt‚

155 384 226 430 turus
245 395 317 443 esse,
327 354 395 433 ciria
414 385 471 433 ttici
487 384 616 444 dogmata,
629 383 754 442 haereses,
777 397 915 450 mamm
927 395 1134 448 flantium„

156 451 242 510 utqui
255 420 341 500 aoeies
350 456 410 500 sunt
422 459 447 500 et
460 452 550 514 probi,
562 451 625 499 iiant
637 449 755 498 omnibus

85 604 90 612 ·
155 515 318 646 miiaiin,
331 585 390 635 crim
403 588 440 636 sic
456 585 755 645 dissidentes,inecelc-
810 579 856 629 2⁰
887 577 1126 629 convenientibus
1154 591 1210 644 “80

155 653 220 699 siam
233 653 474 712 conveniatis,sanb
485 652 643 701 Dominicam
649 652 754 701 canam
776 652 856 703 robis
867 654 896 704 in
912 667 1020 715 unum,
1032 653 1095 719 jam
1106 665 1162 704 non
1177 659 1211 705 ert

156 731 208 767 non
222 719 708 780 celebratis,sedquideicontrarinm.
778 728 950 780 pominicam
970 731 1088 782 Goenam
1104 728 1211 780 manda.

186 879 316 930 Dominicn
340 881 756 941 cr.1mCoenaomnibus,etiam
777 818 858 934 caii.
903 883 1108 950 Unusquisque
1149 882 1212 938 euim

186 1051 294 1099 iterem
309 1064 372 1108 ene,
385 1050 412 1099 ld
426 1051 483 1111 est,
492 1053 614 1100 scissuras
625 1053 693 1100 cirea
706 1051 823 1113 dogmata
836 1049 905 1100 tidci.

186 1118 291 1167 iiaercsis
300 1119 417 1180 equidem
428 1118 505 1178 olim,
518 1121 584 1168 sicut
596 1124 623 1168 et
632 1125 770 1180 secta,rox
779 1120 827 1169 init
837 1119 938 1178 media,
950 1120 979 1167 in
986 1118 1086 1168 bonam
1095 1123 1122 1168 et
1131 1118 1212 1169 main

155 1191 269 1248 partem,
279 1188 322 1237 sed
333 1190 463 1238 communi
477 1201 547 1237 nnnc
562 1201 609 1237 usu
619 1225 627 1248 ,
639 1191 666 1238 in
677 1188 771 1238 maiam
782 1190 901 1248 sumitur,
910 1192 936 1236 et
949 1187 1080 1249 signifieat
1091 1189 1211 1238 scissum

157 1258 184 1304 in
198 1256 256 1305 ssdei
270 1258 436 1320 dogmatibus.

188 1333 217 1380 Ut
227 1337 249 1381 et
260 1333 305 1394 qai
315 1333 418 1394 probuti
427 1338 515 1383 sunt...
523 1336 552 1382 nt
566 1336 610 1395 qui
622 1333 707 1383 tideies
718 1337 778 1384 sunt
789 1336 814 1381 et
826 1332 908 1394 probi,
918 1343 965 1380 seu
977 1334 1128 1382 constantes
1135 1335 1162 1382 in
1171 1329 1210 1382 ido

157 1405 182 1448 et
195 1402 222 1449 in
233 1402 362 1462 moribus,
378 1407 562 1462 agnoscuntur,
576 1404 745 1466 omnibusque
757 1403 820 1452 dant
833 1401 973 1450 manifesti.

190 1476 231 1532 Ut,
247 1475 366 1524 etiectum
382 1478 469 1535 notat,
488 1488 541 1524 non
559 1489 680 1537 causam,
693 1479 730 1527 ait
742 1475 1054 1537 divustlhrysostomus,
1068 1475 1210 1537 ostenditque

157 1544 269 1603 bonum,
280 1544 347 1605 quod
357 1544 423 1592 Deus
433 1556 464 1593 cx
475 1543 577 1593 heresis
587 1543 655 1593 rnalo
666 1544 744 1595 elicit.

188 1613 232 1662 Per
244 1614 349 1662 hareses
360 1615 440 1663 scoria
451 1621 581 1676 separatur
592 1616 607 1663 a
617 1627 721 1676 corpore
731 1614 850 1665 Ecclesia
859 1651 866 1674 ,
876 1616 902 1663 et
916 1616 1007 1662 manet
1018 1626 1115 1664 aurum
1124 1627 1209 1678 pamm

187 1684 441 1734 inconvenientibus
459 1697 517 1746 ergo
533 1685 635 1733 uobis...
650 1686 717 1734 tacta
732 1687 878 1733 animorum
898 1683 1080 1744 dissensione,
1092 1683 1209 1734 transitad

159 1752 252 1815 agapes
264 1752 452 1814 reiormandas,
468 1755 554 1814 aitque
563 1753 631 1816 quod
646 1755 662 1803 a
674 1754 775 1803 Domini
786 1765 858 1802 coena
876 1752 963 1801 absint
975 1752 1128 1814 longissimi
1138 1753 1209 1803 (lorin-

158 1823 270 1871 tbiornm
283 1823 387 1885 agapes.

188 1893 266 1952 Sane,
283 1906 312 1942 eo
325 1906 375 1954 quo
392 1896 534 1943 convenitis
548 1893 641 1954 modo,
652 1893 812 1943 dominicam
826 1904 925 1942 cunam
942 1904 997 1941 non
1013 1892 1161 1953 celebratis,
1175 1903 1208 1941 otc

160 1964 341 2023 representatis
355 1981 362 2011 ι
374 1961 418 2012 sed
437 1963 521 2025 potius
535 1964 692 2012 contrarium
704 1965 726 2012 ei
738 1963 798 2024 qnid
816 1963 899 2022 agitis.

188 2031 287 2080 Domini
301 2034 393 2095 quippe
409 2044 481 2080 ooena
491 2068 498 2091 ‚
509 2032 643 2092 omnibus,
655 2033 732 2080 etiam
750 2031 821 2080 tuda
836 2029 979 2092 proditori,
994 2033 1144 2081 communis
1158 2029 1208 2088 inii,

159 2107 241 2151 restra
251 2101 310 2151 verb
320 2114 372 2151 non
381 2103 526 2151 communis
535 2138 543 2162 ,
553 2100 597 2150 sed
610 2100 780 2163 particularis.

189 2172 347 2221 Dominicam
368 2184 426 2233 ergo
442 2183 541 2220 coenam
562 2169 695 2232 Apostolus
711 2174 786 2220 vocat
807 2169 919 2232 Agapes,
935 2171 999 2230 quia
1015 2169 1208 2233 representabat

160 2241 275 2289 nltimam
291 2240 391 2289 Domini
405 2251 514 2288 cunam.
523 2238 585 2287 Vide
598 2239 665 2288 dicta
679 2251 706 2287 ιι.
720 2241 758 2287 17.

189 2312 344 2373 impurum,
356 2321 401 2357 seu
412 2309 489 2368 hujus
499 2307 643 2356 charitativi
655 2308 765 2356 convivii
776 2319 833 2368 pars
844 2309 897 2354 crat
908 2308 1084 2358 sanctissima
1096 2307 1208 2358 unciuis
1250 2306 1252 2317 '

159 2381 200 2427 tia
213 2378 348 2440 perceptio.
359 2376 392 2424 ut
405 2376 435 2424 de
443 2375 491 2424 boc
501 2387 589 2425 omnes
603 2375 827 2437 conveniunt;scd
837 2377 973 2437 cuprina,
984 2388 1021 2423 an
1032 2381 1160 2438 postuma
1168 2387 1208 2439 pon

160 2447 251 2504 tuerit,
268 2445 406 2494 dubitatur.

189 2515 218 2565 D.
228 2514 420 2576 chrysostomus
439 2514 576 2564 arbitratur
593 2517 703 2577 priorem
723 2513 801 2562 inisse
822 2513 1053 2574 communionem,
1066 2514 1156 2564 deinde
1169 2516 1209 2577 post
1250 2528 1252 2565 ε

159 2586 374 2644 communionem,
384 2584 538 2633 convivium.
548 2585 669 2634 Baronins
676 2585 767 2633 Dirum
780 2583 992 2644 chrysostomum
1004 2585 1208 2645 sequitunandd.
1250 2606 1252 2685 p

189 2654 218 2704 D.
235 2655 389 2716 Augustinus
408 2656 481 2715 putat
498 2656 644 2703 convivium
659 2655 831 2716 precessisse,
850 2651 944 2700 deindo
962 2651 1134 2703 subsecutam
1151 2652 1209 2702 tusc

159 2726 373 2774 communionem.
386 2723 465 2784 upist.
481 2727 535 2772 itti.
550 2737 574 2773 c.
586 2727 610 2772 6.

189 2795 221 2842 iit
230 2795 283 2843 hoec
295 2795 380 2855 opinio
391 2792 543 2854 probabilior
556 2797 609 2853 est,
619 2797 644 2841 ct
651 2795 731 2841 textui
741 2791 882 2854 apostolico
894 2789 1066 2842 conformior.
1073 2793 1252 2865 iiaecquippt
1250 2786 1252 2833 Ι

160 2875 231 2912 coena
246 2865 360 2912 instituta
374 2865 427 2911 erat
444 2861 477 2910 ad
493 2862 643 2911 imitandam
654 2868 679 2911 et
694 2860 923 2924 repraesentandam
938 2860 1044 2910 Domini
1057 2875 1155 2913 coenam
1163 2862 1209 2911 niti

160 2946 243 2996 mam;
237 2933 366 2983 ·u.ndeD
375 2933 467 2982 Paulus
480 2937 554 2982 vocat
564 2932 634 2982 diam
648 2933 806 2982 Dominicam
817 2944 934 2989 onnam
948 2931 1069 2982 bhnstus
1077 2935 1209 2994 antemput

161 3016 259 3052 coenam
272 3005 328 3064 agni
342 3002 467 3052 Paschalis
481 3008 506 3053 et
518 3015 694 3063 communem,
709 3007 823 3051 sanctam
836 2967 1028 3050 EuchniIsiiam
1040 3005 1157 3053 instituit.

191 3074 259 3122 adde
275 3072 342 3133 quod
353 3073 383 3121 D.
392 3072 485 3122 Paulus
495 3073 637 3122 Corinthios
658 3075 741 3133 arguit
751 3071 818 3132 qnod
832 3070 897 3118 maid
915 3075 940 3118 et
959 3071 1069 3134 indigne
1087 3071 1209 3123 communi

161 3145 307 3204 cent,quia
325 3155 423 3192 coenam
435 3147 609 3204 presumunt3
624 3145 683 3203 quia
703 3142 783 3200 ebrii;
796 3142 855 3201 qnia
874 3142 900 3188 in
920 3153 1048 3202 pauperes
1067 3143 1126 3192 duri
1145 3151 1208 3202 :quo
1247 3180 1252 3191 .

160 3213 246 3261 omnia
258 3212 372 3261 indicant
382 3210 449 3272 qubd
459 3214 579 3273 posterior
590 3215 644 3259 erat
656 3211 818 3268 communio;
830 3221 877 3256 nec
889 3212 960 3257 enim
976 3211 1087 3272 indigna
1104 3208 1208 3269 aaran

161 3281 336 3340 subsequentia
349 3285 460 3341 peccata.

88 3404 91 3409 ¹
190 3348 314 3410 Denique,
328 3348 376 3398 boc
395 3348 527 3398 contirmat
538 3360 593 3398 mos
609 3351 652 3410 qui
671 3361 715 3410 per
734 3347 813 3397 muita
825 3347 910 3397 secuta
929 3349 1036 3398 duravit
1055 3352 1084 3400 in
1100 3346 1209 3400 nonnuliis

160 3418 294 3479 Ecclesiis,
304 3422 329 3468 in
341 3419 432 3480 quibus
444 3423 499 3481 post
510 3432 609 3468 coenam
620 3419 749 3480 vulgarem
760 3455 767 3477 ‚
779 3417 892 3480 exempto
903 3418 1001 3468 Christi
1011 3458 1020 3480 ,
1031 3422 1164 3471 sumebant
1171 3418 1209 3468 Eu

160 3487 315 3538 charistiam.
329 3489 480 3538 sozomenus
492 3488 535 3537 lib
554 3492 578 3538 7.
594 3484 653 3537 bist.
666 3501 722 3550 cap.
739 3490 779 3538 29.
793 3491 880 3536 narrat
898 3487 969 3548 quod
984 3501 1034 3538 suo
1049 3495 1161 3554 tempore
1173 3488 1209 3536 boc

159 3557 243 3606 adbuc
261 3556 331 3606 tieret
343 3560 370 3606 in
390 3557 506 3620 AEgypte.

189 3626 270 3686 tintus
280 3625 469 3677 consuetudinis
485 3628 602 3675 meminit
613 3627 755 3677 concilium
765 3628 870 3675 tertium
881 3606 1004 3690 Carthag.
1015 3641 1077 3679 can.
1089 3632 1128 3681 29.
1136 3628 1203 3678 cuitu

159 3694 287 3745 ieriuitD.
301 3696 465 3757 Augustinus.
473 3693 534 3743 Vide
546 3696 643 3744 [istium
660 3700 686 3744 et
697 3695 797 3745 Comei.
814 3695 945 3757 abapidc

191 3780 230 3827 ti.
247 3779 416 3840 Unusquisque
429 3779 494 3826 enim
507 3784 581 3826 subm
597 3791 692 3827 coencm
702 3779 845 3840 proesomit,
858 3789 903 3826 sen
915 3778 990 3839 prius
1006 3783 1097 3830 sumit.
1107 3781 1160 3843 Syr.
1168 3777 1208 3826 ιι·

159 3847 284 3895 invertens
299 3847 416 3897 comedit.
430 3846 503 3896 Arab.
518 3848 655 3909 anticipat,
670 3861 715 3896 seu
724 3848 783 3896 unte
795 3849 862 3909 eupit
873 3848 907 3896 od
916 3848 1208 3900 mantuanensem

162 3913 273 3976 edendo,
285 3915 312 3965 id
324 3920 377 3976 ost,
392 3917 564 3977 unnsquisque
582 3919 651 3966 enim
670 3916 790 3966 ditiorum
810 3928 884 3966 suam
905 3919 1040 3980 proprium
1056 3923 1208 3976 cunamen
