2520 4440
103 228 155 278 380
292 227 422 279 enrith
441 225 646 280 aristotili
665 223 713 276 ΑΙ)
731 222 978 277 CORINTHIOS

131 320 182 380 Ego
202 321 277 380 igitur
296 323 400 383 accepi,
417 332 469 370 non
489 321 521 369 ab
533 319 697 377 hominihus,
754 321 800 372 25.
813 322 872 386 Ego
887 319 965 372 enim
977 316 1074 383 accepi
1085 315 1157 369 dho-

101 386 698 450 11111111111111011111111111
720 395 797 448 mino
808 395 889 463 quod
909 401 938 448 et
955 393 1060 448 tradidi
1071 391 1155 454 roua,

101 456 593 518 1111111ᾱὶ1111111.51111111,111(111
602 468 632 505 ea
645 457 698 517 ipsa
721 473 855 539 (1110an
876 472 1018 526 Dominus
1039 474 1117 526 Jews
1132 469 1156 521 jn

101 529 191 584 nocte,
203 527 254 586 qud
263 526 409 607 tradebatur
426 525 458 575 ad
474 529 598 606 mortem,
611 524 698 575 Domi-
721 562 777 615 qua
789 553 873 603 ,100oe
881 544 1157 613 „mmmmm

101 605 150 641 nus
162 593 234 642 Jcsus
248 599 345 656 accepit
358 607 450 656 panem
461 595 489 643 in
503 594 630 644 manthos.
720 638 835 691 panem,

131 768 196 818 Sani
207 781 254 818 uec
264 766 354 827 laudo,
363 779 410 816 nec
423 766 531 818 laudabo
542 787 550 816 r
561 767 617 818 haec
625 771 719 834 qnippe
727 774 787 821 sunt
797 772 914 820 enormia
925 769 1012 830 mala,
1024 781 1077 818 non
1084 766 1153 828 laude,

100 837 144 887 aed
155 838 225 886 omni
237 837 362 898 vituperio
376 835 460 896 digna.
1189 866 1192 872 ,

130 905 242 955 Laudari
261 905 350 966 supra,
367 918 394 953 n.
413 907 508 965 aquia
523 905 691 956 traditionum
713 919 830 957 mearam
845 909 1045 958 amomum:
1063 905 1153 956 11111

101 974 191 1033 laudo,
203 975 262 1035 quia
273 973 420 1022 traditiones
431 987 500 1023 meas
511 987 563 1024 non
575 976 658 1026 schim
666 989 719 1027 non
726 980 831 1028 serratis
838 997 846 1038 t
854 977 900 1027 sed
911 979 1075 1027 contrarium
1084 977 1153 1037 esitii,

100 1045 171 1104 quasi
187 1055 275 1092 earum
287 1043 342 1090 sitis
353 1040 455 1103 penitus
466 1042 547 1091 ohiiti.

129 1112 194 1161 iiinc
203 1110 309 1161 ethodie
317 1122 391 1171 cogor
400 1113 493 1173 scripto
504 1111 574 1160 robis
584 1111 683 1162 tradere
693 1112 761 1175 quod
770 1111 832 1162 olim
839 1111 900 1163 rivi
907 1125 974 1163 voce
983 1112 1079 1164 tradidi
1087 1111 1154 1163 vehit.

130 1188 169 1236 23.
181 1187 235 1248 Eoo
248 1186 314 1234 enim
326 1186 410 1247 moeni
419 1183 580 1235 dormian...
592 1185 656 1247 Quia
671 1199 729 1249 ergo
743 1186 908 1241 traditionem
919 1187 1007 1249 obliti,
1020 1190 1048 1236 et
1059 1188 1096 1237 eis
1104 1197 1154 1236 on·

99 1256 208 1304 tranium
218 1257 307 1316 agitis,

130 1323 199 1372 Utin
209 1329 338 1386 posterum
349 1335 391 1374 eas
402 1323 493 1374 melitis
504 1326 632 1387 retineatis
647 1328 673 1374 et
682 1322 817 1387 pericctids
832 1323 1016 1386 adimpleatis3

130 1392 163 1442 Ut
175 1393 268 1442 ciariis
279 1394 434 1455 cognoscatis
444 1394 521 1454 quam
532 1393 676 1454 longissime
686 1430 694 1453 ,
703 1395 731 1442 ut
741 1405 815 1442 versu
825 1395 856 1443 20
866 1430 874 1453 ,
886 1392 952 1454 dixi,
960 1393 1063 1443 distatis
1071 1392 1087 1442 i
1096 1403 1153 1442 oeae

100 1462 230 1511 Dominica
239 1482 247 1523 3
256 1468 282 1511 et
292 1467 475 1523 consequenter
487 1463 564 1524 quarn
576 1462 722 1524 311νὶ111111
732 1463 760 1511 in
776 1461 826 1511 hoc
844 1464 1018 1512 sanctissime
1032 1461 1151 1513 Eucharis-

100 1534 142 1581 tire
153 1535 310 1581 sacramento
322 1530 471 1581 celebrando
482 1535 609 1594 peccatis,

131 1600 211 1662 thue
231 1600 278 1650 hos
297 1612 386 1650 omnes
404 1605 500 1650 vestros
516 1601 610 1650 abusus
623 1601 812 1663 quamprimum
827 1598 974 1651 reformetis
994 1604 1021 1650 et
1041 1597 1151 1650 omniaad

100 1670 225 1731 exemplar
238 1670 331 1720 Christi
346 1670 446 1719 homiui
458 1669 585 1719 reducatis
596 1689 604 1730 ς

130 1738 205 1789 vohis
215 1738 290 1788 hodie
299 1737 372 1787 trado
384 1739 484 1800 scriptis
495 1738 563 1800 quod
581 1737 716 1800 aliquando
727 1737 785 1787 vird
797 1751 860 1788 roca
876 1738 987 1790 tradidi.
1126 1768 1133 1783 .

130 1815 183 1876 Ero
197 1814 277 1876 initur
290 1813 392 1876 occepi,
406 1826 457 1862 non
468 1813 501 1862 ah
515 1812 678 1873 hominihus,
691 1811 735 1861 sed
745 1813 777 1862 ah
788 1812 842 1876 ipso
853 1813 914 1863 iesu
926 1813 1048 1876 christo,
1063 1814 1150 1864 hanun

100 1888 194 1941 nostro,
202 1894 246 1944 per
256 1881 449 1942 revelationem,
459 1879 564 1941 scilicet,
574 1879 623 1930 hoc
634 1883 717 1943 ipsum
729 1881 798 1943 quod
808 1880 887 1931 verho
895 1884 975 1931 tenus
982 1882 1076 1933 tradidi
1087 1881 1148 1932 ratu

130 1956 287 2007 (inservante
303 1968 456 2006 oocnarrca.
474 1956 577 2004 -Nota
595 1954 663 2016 quod
679 1968 723 2018 per
738 1958 901 2006 occasionem
913 1956 1023 2007 tantdm
1042 1958 1151 2021 scrinarii

100 2027 249 2090 Apostolus,
262 2027 331 2088 quod
344 2028 420 2076 rerhu
436 2026 564 2076 docuerat.
576 2025 603 2075 Si
619 2028 688 2077 circa
705 2028 893 2076 sanctissimam
910 2026 1100 2078 Eucharisttanr
1112 2038 1150 2076 nou

101 2098 248 2147 invaluisset
262 2097 451 2147 Corinthiorum
464 2097 566 2157 abusus,
576 2095 650 2145 valde
662 2094 800 2145 verisimile
810 2099 858 2157 est,
870 2094 942 2156 quud
954 2095 1028 2146 deea
1039 2096 1069 2147 i).
1077 2095 1150 2147 maiar

100 2181 232 2230 nunquam
242 2170 391 2231 scripsisset.

130 2238 162 2287 Et
174 2238 241 2286 idern
255 2237 286 2287 de
295 2237 352 2286 aliis
363 2237 486 2299 Apostolis
494 2236 620 2298 intellige,
631 2236 723 2297 quihus
731 2247 866 2296 nunquam
878 2234 929 2284 tuit
940 2238 1100 2300 propositum
1109 2246 1150 2285 oni-

100 2310 142 2356 nia
153 2306 186 2355 ad
200 2306 276 2355 tidem
288 2308 440 2369 pertinentia
451 2305 575 2355 scribendi
586 2324 593 2354 r
604 2305 648 2354 sed
657 2318 686 2354 aa
696 2305 798 2354 tanturn
809 2306 988 2366 scripserunt,
1002 2318 1061 2367 qua
1069 2317 1110 2369 pro
1119 2315 1150 2354 re

100 2389 157 2425 rum
169 2376 317 2435 occasione,
328 2374 514 2423 duxeruntesse
525 2374 671 2436 scribenda;
681 2379 768 2424 caetera
780 2373 841 2423 rerd
850 2374 910 2423 vird
921 2386 989 2424 voce
999 2375 1149 2437 tradiderunt·

130 2444 243 2504 litaeque
257 2441 345 2502 collige
359 2438 411 2490 non
426 2441 583 2506 Scripturam
595 2443 709 2503 tantum,
719 2441 763 2491 sed
779 2444 804 2491 et
816 2440 970 2492 traditiones
979 2455 1035 2493 aon
1046 2445 1149 2506 11111111,

101 2526 153 2562 asse
166 2511 311 2562 servandas.
1011 2518 1021 2524 ·

129 2584 218 2633 Mirare
229 2586 315 2631 tamen
328 2581 441 2632 divinam
453 2583 480 2631 in
490 2582 539 2632 hoc
548 2581 615 2632 iacto
623 2581 808 2633 Providentiam
819 2581 886 2643 ,qud
899 2581 1002 2632 iactum
1013 2587 1052 2633 est
1065 2580 1151 2632 utricui

99 2657 114 2704 a
130 2655 188 2703 divo
202 2653 289 2714 Petro,
301 2651 370 2703 velut
380 2657 470 2715 quarto
483 2653 656 2715 avangelista,
669 2652 777 2702 relatum
792 2653 842 2702 tuit
858 2651 924 2701 iilud
940 2653 1026 2704 Patria
1039 2650 1151 2703 munde
1186 2654 1190 2665 '

73 2741 76 2745 ·
99 2725 198 2775 Christo
208 2725 382 2774 testimoninm
396 2737 404 2771 a
419 2724 466 2772 iiic
477 2730 512 2773 est
520 2724 602 2773 Filius
611 2738 681 2774 meur
696 2723 840 2774 dilectata...
856 2724 927 2784 qnod
939 2728 995 2775 tres
1005 2721 1151 2786 armrdiao

99 2797 251 2857 scripserant
262 2813 269 2842 ε
279 2796 315 2843 ita
325 2798 351 2843 et
363 2793 415 2843 aii.
423 2793 514 2854 Paulo,
522 2797 593 2855 quasi
606 2798 695 2856 quarto
707 2793 881 2854 Evangelista,
892 2794 1151 2846 dascrheretnrarac-

98 2867 201 2912 tissima
223 2863 388 2912 Eucharistiae
405 2865 544 2922 institutio,
558 2876 635 2924 quam
652 2868 703 2912 tres
722 2861 889 2923 Evangelistre
904 2863 1054 2914 retuterunt
1069 2882 1077 2914 ε
1091 2861 1151 2922 idque

99 2935 199 2993 propter
214 2932 346 2992 utriusque
356 2933 487 2994 mysterii,
500 2931 701 2991 iucarnationis,
713 2931 825 2991 scilicet,
838 2935 865 2980 et
883 2933 1059 2983 sanctissima
1069 2930 1151 2982 Euche-

100 3002 189 3060 ristia,
201 3013 257 3062 qua
273 3000 342 3050 iliius
352 3004 391 3050 est
403 3002 514 3050 extensio
524 3037 531 3062 ,
540 3000 744 3063 precellentium.

133 3076 257 3133 Quoniam
266 3075 388 3124 Dominus
399 3077 471 3125 iesus
485 3077 513 3124 in
524 3088 576 3137 quo
588 3081 657 3124 nocte
658 3109 717 3124 ......
739 3075 832 3136 Accepi
843 3076 923 3137 igitur
936 3075 971 3126 ab
979 3077 1037 3140 ipso
1047 3076 1151 3133 unnim.

99 3143 167 3203 quod
180 3145 207 3190 in
218 3155 247 3190 aa
263 3145 317 3204 ipsa
328 3149 417 3203 aucte,
426 3147 452 3192 in
464 3157 514 3205 qua
525 3143 670 3193 tradebatur
683 3143 716 3193 ad
726 3147 852 3204 mortem,
864 3143 979 3207 cquue
991 3158 1062 3197 mors
1070 3147 1092 3196 ei
1101 3153 1151 3207 μιν

99 3225 157 3261 sena
167 3217 240 3260 esset.

129 3283 288 3333 Oirrrrnensa
307 3284 430 3336 charitas!
451 3286 510 3336 crim
530 3287 638 3336 truditur
654 3285 687 3335 ad
702 3287 825 3345 moriem,
839 3287 1011 3349 semetipsum
1030 3284 1104 3337 tradit
1117 3292 1152 3347 pit

98 3364 221 3400 amorem.

128 3428 226 3488 Accepit
243 3441 342 3489 pacem.
358 3427 458 3478 Scilicet
474 3431 604 3479 triticeum
619 3432 644 3478 et
655 3441 782 3492 ammam.
794 3427 859 3488 Quia
869 3429 946 3488 juxta
958 3429 991 3479 1).
1005 3429 1151 3485 munuca.

98 3495 208 3544 hiarcam
219 3500 244 3544 et
254 3496 350 3545 Lucam
359 3534 365 3556 ,
374 3497 456 3559 prima
470 3497 510 3546 die
523 3509 669 3559 azymorum
679 3496 863 3558 advesperam;

129 3565 166 3613 ah
179 3565 226 3614 hac
241 3570 328 3614 autem
348 3577 451 3627 vespera
465 3566 589 3616 inclusive
605 3579 650 3628 per
662 3569 758 3629 septem
778 3565 833 3614 dies
846 3569 986 3628 effluentes
994 3602 1004 3630 ,
1015 3565 1153 3619 nonhcettt

8 3614 14 3626 ⁸
98 3632 191 3682 iudaeis
204 3632 254 3682 aliu
267 3644 333 3694 pane
346 3635 399 3693 nti,
411 3634 489 3694 quarn
504 3647 601 3697 azymo.
616 3633 677 3683 Vide
688 3634 767 3683 Exod.
785 3636 824 3683 12.
836 3636 875 3683 ti.

128 3701 193 3751 ilinc
211 3701 338 3751 credimus
348 3701 476 3752 Christum
488 3705 515 3752 in
529 3715 618 3766 azymo
629 3714 799 3753 consecrasse.

128 3770 207 3819 Graeci
216 3771 276 3820 vero
285 3807 292 3830 ,
302 3770 400 3833 decepti
410 3771 472 3820 iaist
484 3772 557 3822 toan.
568 3776 605 3823 ta.
618 3775 657 3823 28.
667 3774 890 3835 interpretatione,
905 3778 1002 3839 putant
1013 3773 1154 3838 cuodmua

99 3841 141 3886 tus
156 3839 251 3888 Pascha
264 3839 396 3889 celebrarit
411 3852 470 3890 uno.
479 3840 519 3890 die
538 3845 598 3892 antc
609 3841 723 3902 iudam,
733 3852 779 3892 seu
795 3845 856 3892 ante
871 3842 944 3894 diem
957 3845 1024 3908 Lege
1039 3847 1152 3896 statutam·

101 3905 165 3955 iiiuc
179 3909 206 3957 iu
220 3906 369 3958 icrrneutato
380 3913 537 3961 consecrant.
