2520 4440
335 244 505 296 buletari
524 245 749 299 bxeosirio.
769 246 851 298 cie.
871 245 939 298 xii.
1114 243 1164 294 tot

139 337 185 390 22³..
200 335 256 390 sed
273 337 359 392 multb
378 338 467 406 magis
485 354 548 407 quae
601 339 710 389 l'antbm
727 338 797 388 abest
815 341 844 387 ut
863 337 945 387 ullum
958 335 1069 398 eorporis
1084 346 1167 383 mem-

105 412 549 482 videnturmemhracorporispn.
570 407 660 468 brum,
686 412 807 468 unquam
829 405 932 464 inutile,
956 403 1051 466 despici
1072 404 1165 465 posslt;

104 490 229 545 firmiora
258 505 332 559 esse,
358 495 546 549 necessariora
569 478 631 537 quin
644 473 694 525 lmb
706 488 762 537 quar
781 473 899 523 videntur
915 472 1092 529 imbecilliora,
1107 473 1167 519 suut

105 575 171 625 mm
569 546 649 607 magis
660 545 692 594 ad
703 545 781 593 vitam
799 541 1038 601 necessaria,qoam
1048 537 1167 600 pleraque

174 608 182 621 ‘
569 613 717 663 robustiora.

137 683 184 733 23.
199 685 232 734 iit
245 697 309 749 quae
320 689 450 751 putamus
464 686 545 752 igno·
599 683 663 731 ilino
679 695 706 731 ea
721 693 777 744 qua
796 678 870 740 vulgo
887 679 1009 740 putantur
1023 674 1108 725 mlnbs
1120 675 1167 725 bo·

102 755 202 811 biliora
220 761 345 815 membra
362 776 424 815 esse
444 777 546 829 corpo.
569 754 654 808 nesta,
673 750 762 809 majori
778 752 803 796 et
823 747 931 796 uberiori
946 746 1036 793 ornatu
1053 744 1166 792 ebreum·

101 835 141 888 ἧς
164 837 354 891 highonorem
366 839 547 893 abundanfio.
568 819 658 867 damus
678 816 832 867 extrinsecus
852 828 860 864 ε
883 819 908 864 et
929 827 958 863 ea
975 825 1031 874 quar
1048 811 1165 875 pudenda

101 875 162 965 ,θῶ
187 915 393 969 circumdamus
412 933 419 948 ,
439 923 467 970 et
504 931 546 970 we
568 894 706 948 vocantur,
729 889 818 948 nralori
834 886 895 936 outa
911 887 1027 946 tegimus.
1038 882 1080 932 Slo
1094 881 1166 932 intir-

413 956 419 970 '
484 931 502 984 q
523 951 530 969 ²
569 959 617 1017 mi,
632 959 725 1007 vilibus
743 958 855 1020 deputati
866 994 872 1016 ,
882 955 999 1015 talentis,
1010 957 1037 1002 ut
1048 951 1163 1011 videtur,

100 991 252 1045 ¹¹¹h0¹¹0⁸²³
268 999 332 1046 sum
345 997 546 1059 ‘¹⁰⁸¹r3’al'un'
568 1027 696 1088 destltotl;
714 1027 766 1076 lmb
787 1031 811 1076 et
831 1026 915 1087 aliqua
940 1023 1045 1074 Inlamii
1067 1024 1164 1082 notati,

100 1067 260 1122 dammim
288 1070 464 1125 ¹¹⁰¹¹e⁸¹³⁸em
492 1073 545 1127 Μ·
568 1097 610 1146 sed
626 1097 751 1158 humiles,
764 1099 866 1146 contriti
876 1133 883 1156 ‚
892 1094 1041 1144 sanotiiloati
1053 1104 1097 1155 per
1110 1103 1165 1154 pua-

99 1143 177 1197 Μ·
568 1169 718 1224 nitentium,
729 1168 858 1215 contemni
866 1178 917 1214 non
929 1165 1036 1214 debent:
1050 1161 1093 1211 sed
1104 1173 1164 1210 oum

567 1235 689 1284 charitato
700 1233 792 1293 foveri,
804 1235 888 1282 ornari
900 1236 925 1281 et
936 1231 1092 1288 conservari,
1104 1229 1164 1290 quia

567 1315 632 1364 sape
650 1302 699 1350 ileo
711 1301 853 1360 chariores,
871 1301 896 1347 et
906 1297 1023 1348 Eoolesiae
1034 1295 1162 1355 utiliores,

567 1373 619 1420 suis
630 1369 726 1419 seilicet
739 1370 865 1433 precibus.

129 1531 183 1582 Sub
196 1535 285 1595 oapltis
297 1533 374 1596 ligura
383 1536 498 1597 praelatos
509 1536 644 1598 alloquitur
661 1536 809 1600 Apostolus,
823 1548 914 1596 eosque
929 1537 1031 1595 mouet,
1041 1533 1108 1596 qubd
1121 1535 1161 1582 ln-

83 1600 223 1651 ›lerlorum
235 1615 340 1651 suorum
353 1605 427 1664 oporai
439 1607 474 1652 sio
489 1605 632 1666 indigeant,
645 1610 673 1654 ut
682 1607 736 1654 sine
748 1604 797 1654 illis
815 1615 866 1652 non
878 1605 974 1666 possint
989 1601 1107 1664 pleraque
1117 1614 1164 1652 sua

96 1683 175 1733 opera
186 1668 338 1731 adimplere,
351 1672 385 1718 ita
401 1675 429 1720 ut
441 1674 541 1734 ipsimet
551 1673 633 1722 lorent
645 1673 755 1723 inutiles.
796 1703 799 1707 -

129 1737 255 1789 Omnibus
267 1751 324 1799 ergo
336 1739 539 1801 sublimioribus,
552 1755 597 1804 per
609 1746 720 1805 caputet
737 1740 822 1792 oculos
836 1741 965 1803 figuratis,
983 1743 1007 1789 et
1019 1742 1045 1789 in
1061 1752 1106 1789 sua
1118 1753 1162 1788 su-

95 1807 224 1857 blimitate
237 1807 394 1856 tumentibus
406 1807 467 1856 dicit
484 1828 491 1858 a

127 1875 282 1936 ilignitotem
301 1877 432 1937 spectatis,
455 1877 487 1926 ad
511 1879 686 1928 necessitatem
702 1890 753 1928 non
773 1879 910 1928 attenditis.
928 1875 1055 1926 Attendite
1078 1878 1164 1936 ltaque

95 1943 194 2061 qubdbb
212 1945 300 2006 seipsis
318 1944 445 2008 pendeant
463 1951 488 1996 ot
501 1949 598 1998 mutuis
620 1947 720 1999 auxiliis
735 1951 824 2010 egeant
844 1949 930 1998 omnia
953 1948 1029 1996 unlus
1050 1947 1161 2010 eorporis

95 2027 168 2063 mem
187 2026 224 2062 ra.

127 2083 215 2135 Etiam
227 2081 408 2133 vilissimorum
423 2086 596 2135 membrorum
611 2085 703 2148 opert,
716 2087 769 2135 imo
780 2088 856 2134 eliam
876 2087 984 2145 ornatu,
998 2087 1052 2134 tam
1066 2087 1160 2146 eaput,

95 2153 176 2216 quam
187 2157 269 2202 totum
282 2166 372 2216 eorpus
384 2155 492 2216 indiget,
503 2155 563 2216 pede
574 2158 642 2204 enlm
655 2169 704 2205 uno
715 2155 886 2217 claudicante,
897 2154 1021 2217 claudicat
1032 2151 1162 2216 plenitudo

95 2222 218 2273 Ecclesiae
230 2236 237 2270 τ
250 2224 415 2285 supercilium
434 2238 515 2274 unum
528 2225 646 2275 abrasum
662 2228 741 2274 totam
752 2224 843 2274 faeiem
863 2226 928 2274 miro
939 2222 1013 2274 modo
1028 2222 1158 2272 deformat.

94 2290 125 2341 b.
137 2291 342 2354 chrysostomus.
956 2310 959 2319 ·
1146 2288 1150 2293 ’

126 2361 234 2410 Ferrum
247 2365 345 2423 potest,
359 2362 427 2424 quod
438 2375 489 2415 non
498 2368 580 2428 potest
593 2377 702 2426 aurum,
716 2365 752 2415 oit
766 2363 921 2414 Ambrosius.

126 2445 168 2494 22.
184 2443 232 2492 Sed
243 2443 322 2493 molid
333 2443 416 2506 tropis
436 2459 491 2508 quoa
504 2448 625 2497 uidentur.

127 2516 204 2578 Quasi
219 2531 270 2567 nou
284 2518 392 2569 suillolat
403 2519 509 2581 dixisse,
520 2521 588 2582 qubd
602 2520 732 2572 inferiores
745 2523 796 2572 sint
816 2524 877 2585 lpsis
887 2519 1057 2584 superioribus
1073 2530 1160 2568 nenos·

93 2589 174 2648 surii,
188 2587 260 2637 addit
274 2591 299 2637 ot
315 2588 383 2649 qubd
396 2591 441 2638 toti
459 2592 557 2652 oorpori
576 2591 693 2639 Ecclesia
715 2593 767 2640 siut
783 2591 893 2640 maximo
906 2588 1040 2639 necessarii
1045 2607 1054 2650 i
1067 2591 1093 2636 el
1103 2588 1160 2637 ideo

94 2670 149 2707 non
161 2658 356 2720 contemnendi,
367 2658 411 2708 sed
427 2672 487 2709 oum
501 2660 623 2709 oborilate
637 2659 746 2709 fovendi.

130 2733 191 2790 Quoe
202 2733 318 2782 uidentur
332 2733 493 2795 infirmiora,
515 2732 697 2793 imbecilliora,
715 2736 800 2795 utpote
816 2731 886 2781 nulia
904 2731 1023 2781 lirmitate
1039 2729 1157 2792 praedita,

96 2814 121 2851 r.
132 2813 169 2862 g.‚
185 2801 335 2861 cerebrum,
355 2803 493 2862 intestina,
507 2806 567 2852 sunt
578 2801 659 2852 multo
671 2802 751 2863 magis
765 2802 798 2851 ad
816 2804 895 2851 vitam
910 2801 1065 2858 necessaria,
1081 2799 1158 2860 quim

94 2869 216 2932 pleraque
229 2869 379 2919 robustiora.

125 2939 187 2990 Sine
205 2939 302 2989 ossibus
313 2940 401 3003 multis
417 2943 579 2990 conservatur
590 2942 643 2991 vita
652 2975 661 3000 ,
670 2941 724 2989 sine
738 2939 839 2989 oerebro
850 2942 894 2988 aut
912 2938 1038 2988 intestinis
1056 2949 1159 2987 oonser·

95 3008 150 3058 rari
161 3019 213 3056 non
225 3010 315 3069 potest.

125 3092 166 3139 23.
181 3091 213 3139 Et
227 3102 281 3150 puoe
296 3095 416 3151 potamos
427 3091 590 3152 ipnobilt'ora.

125 3158 164 3207 Ad
187 3171 264 3219 quam
280 3162 454 3209 necessitatem
470 3161 643 3221 attendentes,
655 3159 819 3223 lpnobtlloro.
840 3159 883 3210 Gr.
897 3160 977 3223 magis
992 3159 1156 3221 inhonorata,

94 3240 141 3277 neu
154 3227 259 3276 honoris
277 3241 374 3287 vanua,
385 3242 411 3278 v.
432 3242 466 3290 g.,
479 3230 570 3290 podes,
583 3234 608 3279 et
618 3241 674 3290 quae
687 3228 734 3278 sub
749 3234 853 3290 ventre,
866 3242 922 3291 quae
938 3231 1079 3278 inserviunt
1089 3242 1168 3291 eges·

95 3299 173 3357 tloni,
186 3296 282 3345 bonore
294 3298 402 3347 uberiori
413 3336 420 3359 ‚
431 3299 456 3347 id
469 3302 521 3359 est,
533 3302 624 3348 ornatu
635 3301 725 3358 majori
737 3301 891 3353 extrinseous
899 3298 1094 3350 circumdamus.

125 3366 228 3425 llonor,
241 3364 283 3414 hic
295 3403 302 3426 ‚
316 3370 435 3427 vestitus,
453 3372 565 3416 ornatus.

91 3440 94 3445 '
125 3443 158 3490 Et
168 3454 224 3502 quoa
237 3440 394 3490 inhonesta...
408 3442 541 3501 indecora,
558 3453 615 3502 quae
625 3454 745 3491 vocamus
756 3441 872 3504 pudenda
882 3479 890 3504 ,
901 3441 1028 3505 genitalia.
1039 3441 1083 3491 liis
1098 3440 1156 3504 plus

94 3508 194 3561 decoris
202 3509 363 3572 adjungimus
372 3546 378 3571 ,
387 3523 430 3559 seu
442 3511 485 3559 illa
496 3513 585 3570 majori
596 3512 658 3561 oure
673 3513 789 3572 tegimus.

124 3578 203 3629 Recte
223 3579 303 3637 dixit,
316 3593 370 3640 quo
384 3580 514 3637 videntur,
526 3592 580 3641 qua
590 3585 741 3642 potamos...
755 3578 822 3630 ilibil
836 3581 904 3630 enlm
917 3582 944 3629 ln
956 3579 1027 3628 nobis
1038 3579 1075 3626 est
1085 3579 1156 3637 igno-

92 3645 145 3696 bile
158 3652 184 3695 et
195 3646 360 3696 inhonestum
375 3667 383 3696 ι
397 3650 455 3709 quia
472 3661 535 3710 opus
553 3652 590 3698 est
605 3649 659 3698 liei.
728 3658 732 3664 ’
1137 3658 1139 3662 “

96 3728 101 3734 ·
124 3715 169 3765 llis
180 3716 262 3764 verbis
273 3718 298 3764 et
308 3715 516 3765 similitudinibus
527 3715 599 3766 docet
608 3716 740 3780 Apostolus
751 3730 803 3766 non
812 3715 887 3767 modd
896 3719 1014 3772 minores,
1026 3713 1156 3774 intirmos,

93 3795 184 3844 senes,
197 3794 335 3845 pauperes,
357 3783 491 3843 omnibus,
511 3787 540 3832 nt
558 3784 675 3845 videtur,
695 3785 767 3835 donis
787 3790 812 3834 et
829 3784 930 3834 talentis
951 3782 1099 3841 destitutos;
1111 3783 1155 3850 sed

94 3855 173 3903 etiam
187 3852 272 3914 aliqua
293 3850 353 3900 notai
373 3850 494 3911 infames,
512 3853 601 3902 verbm
617 3856 784 3916 paenitentes,
799 3855 936 3911 contritos,
954 3849 1076 3910 humilem
1090 3850 1156 3910 bos,

94 3921 217 3984 inquam,
232 3931 320 3968 omnes
332 3920 460 3979 oontomnl
473 3931 523 3971 non
542 3919 649 3983 dobere,
660 3919 1156 4011 sodioreri,oonsorvari,ornarlfflala
