2520 4440
231 227 401 283 rnivtnx
419 234 644 295 expositio.
664 242 747 297 clv.
768 247 817 299 ix.
1002 252 1056 306 ¹58

81 315 236 404 honorem,
247 323 320 377 aliud
330 326 394 380 vere
404 329 433 380 in
458 345 517 384 usus
529 335 631 395 quidem
650 337 768 389 honestos
779 377 786 400 ,
797 339 869 397 aliud
885 340 943 393 vere
956 344 984 393 in
999 357 1055 394 sor-

78 392 221 450 mchamt·
456 401 527 452 didos
546 408 624 454 ususi’
641 405 724 469 Longe
747 408 822 459 vilior
841 413 879 460 est
902 411 1054 466 homocum

455 470 505 520 ilco
517 473 639 534 collatus,
656 477 732 536 quern
744 476 827 527 lutum
841 492 901 528 cum
915 479 991 543 ligula
1002 480 1055 532 col-

455 538 552 602 latum;
563 546 645 604 posset
660 557 718 604 crgo
730 545 810 603 licus,
822 547 883 607 quia
895 551 1054 612 omnipotens

456 610 481 655 et
491 620 623 670 supremus
636 609 771 671 Dominus,
785 614 848 661 citra
860 615 1002 677 cujuspiam
1013 619 1054 666 in-

453 677 561 736 iuriam,
571 689 601 725 er
609 677 743 728 hominum
750 693 832 730 masse
842 681 924 731 facere
930 680 1053 746 quidquid

454 743 562 793 voluerit
575 764 581 793 ι
594 749 620 793 at
633 748 691 807 quia
709 747 791 796 honus
811 751 845 811 et
857 750 986 810 optimus,
1000 764 1053 801 non

454 813 509 862 vult
521 814 571 862 nisi
590 815 656 875 quod
677 815 774 864 honum
792 818 817 864 et
834 818 959 878 optimum
968 837 976 878 ς
989 821 1053 868 scias

455 895 512 944 ergo
524 883 592 944 qued
603 882 668 931 heus
677 895 737 931 vasa
748 894 800 931 non
814 882 887 935 linxit
902 884 1053 947 immunda,

454 953 498 1001 scd
515 953 630 1002 homines
650 953 696 1014 ipsi
718 962 771 1000 sese
792 953 845 1001 suis
860 955 969 1014 peccetis
989 967 1053 1006 con·

454 1024 583 1084 spumant.

78 1161 239 1220 ysos'tomus3
253 1160 314 1211 alies
329 1161 391 1211 hinc
404 1161 485 1211 multa
497 1164 661 1223 sequerentur
673 1161 780 1211 absurda
790 1198 797 1222 ,
809 1165 870 1222 eto.;
882 1166 908 1211 et
918 1163 947 1212 it.
959 1163 1052 1216 Paulus

78 1231 135 1290 ique
147 1229 229 1292 ipsam
238 1226 395 1282 voluntatem
407 1235 525 1293 coronet,
538 1245 625 1303 seeurp
639 1233 693 1295 ipse
702 1235 834 1294 pugnaret.
853 1231 923 1282 Idem
932 1231 962 1285 ii.
973 1232 1053 1297 Chry-

79 1311 121 1347 us.
674 1308 678 1313 ·

78 1368 174 1417 etenim
186 1367 322 1420 discrimen
333 1373 371 1419 est
383 1373 449 1420 inter
459 1371 576 1420 homines
588 1373 613 1419 et
621 1382 681 1419 vasa
692 1369 777 1435 luteam
789 1368 979 1429 quddlromlnes
990 1382 1050 1420 vasa

78 1449 144 1497 tera,
159 1440 186 1486 et
203 1443 386 1500 cousequenter
405 1443 506 1502 ipsimet
521 1448 567 1502 per
583 1437 733 1502 peccetum,
752 1450 796 1488 seu
810 1448 856 1500 per
865 1443 919 1489 suae'
929 1437 1051 1488 libertatis

78 1519 105 1566 n,
118 1518 173 1555 sese
185 1505 284 1556 faciunt
296 1518 354 1557 vasa
374 1511 400 1556 in
415 1507 610 1567 contumeliam,
627 1519 680 1555 sese
700 1506 800 1569 proprie
816 1509 841 1554 et
857 1506 963 1568 positive
974 1508 1050 1558 indu·

78 1574 130 1623 uim
150 1578 269 1636 possent,
287 1578 308 1625 si
325 1576 434 1637 velient,
457 1577 593 1637 adjuvante
611 1575 655 1623 liei
673 1576 768 1635 gratio,
789 1575 843 1623 see
862 1570 916 1623 suis
934 1575 1050 1627 sordibus

78 1655 140 1705 are;
153 1648 178 1693 ei
194 1657 224 1694 cx
233 1648 300 1695 vasis
311 1647 485 1708 contumeiiae,
502 1647 557 1695 lieri
571 1658 630 1695 vasa
642 1647 669 1694 in
680 1644 812 1697 honorem.
824 1643 886 1694 Vide
901 1645 930 1694 n.
942 1645 1049 1698 Paulum

78 1725 100 1762 ω
115 1713 149 1762 ad
166 1714 276 1763 Timoth.
291 1717 315 1763 2.
330 1728 356 1765 n.
374 1719 404 1766 20
418 1720 443 1765 et
459 1720 498 1766 21.

78 1782 138 1846 qutd
152 1795 181 1832 er
195 1783 244 1832 hac
264 1787 450 1846 comparatione
464 1786 537 1834 nohis
550 1784 708 1835 inferendum
727 1783 849 1845 relinquit
866 1783 1017 1847 Apostolus?

85 1864 117 1901 ex
135 1852 210 1908 dictis
228 1854 255 1901 in
273 1857 326 1902 toto
345 1857 463 1903 contextu
480 1853 688 1915 intelligendum,
707 1851 803 1902 scilicet
823 1855 845 1902 si
862 1852 954 1914 figulus
964 1856 1006 1914 ine
1022 1858 1049 1904 et

79 1924 133 1971 tem
151 1922 228 1971 hehet
245 1936 276 1971 ex
294 1923 382 1972 cadem
395 1937 476 1973 massa
489 1923 598 1972 faciendi
614 1936 692 1980 vasa,
707 1934 864 1982 quecunque
875 1920 1001 1983 voluerit3

78 1989 114 2040 rte
135 1993 226 2053 potiori
242 1993 299 2051 iure
320 1991 385 2041 oeus
405 2005 435 2042 ex
455 1992 542 2041 eadem
563 2005 645 2041 massa
665 1988 776 2039 illiorum
795 1989 1047 2052 circumsequor,

78 2059 220 2110 *israelitas
232 2098 239 2120 ‚
251 2065 332 2122 potest
343 2061 416 2111 honis
428 2066 452 2110 et
463 2062 601 2110 honoribus
614 2059 762 2110 cumularet
777 2059 853 2118 alios,
866 2059 1004 2110 lemaalhes
1022 2065 1048 2110 et

78 2141 106 2178 os
117 2130 211 2179 talibus
225 2133 338 2192 privaret
353 2130 405 2180 ime
423 2132 592 2181 israelitarum
604 2130 717 2179 servituti
729 2124 862 2177 addiceret

78 2199 112 2249 rte
125 2202 219 2262 potiori
229 2203 286 2260 jure
297 2201 363 2250 ileus
374 2205 455 2263 potest
471 2215 500 2251 ex
514 2201 601 2250 eadem
614 2212 697 2249 masse
713 2199 847 2249 hominum
863 2197 963 2261 AEgypll
976 2200 1048 2250 inco·

78 2287 85 2317 ι
98 2267 215 2328 aliquos,
229 2268 326 2318 seilicet
336 2269 480 2335 AEgyptios,
493 2274 518 2319 et
529 2270 685 2318 Pharaonem
700 2267 819 2317 rebeliem
830 2267 909 2329 plagis
924 2267 1046 2329 affligere,

78 2340 135 2400 ique
154 2341 181 2387 in
201 2338 355 2400 profundum
371 2341 449 2389 maris
470 2340 643 2401 submergam
662 2338 788 2389 israelites
802 2338 888 2388 verde
902 2340 1047 2400 captivitate

78 2421 105 2470 e,
121 2411 147 2457 et
158 2410 291 2457 interram
304 2409 425 2458 fluentem
436 2409 474 2458 lac
489 2413 513 2457 et
524 2410 575 2459 mci
586 2407 722 2458 inducere!
919 2446 921 2452 .

98 2478 182 2537 ultre,
213 2480 241 2526 iu
260 2490 335 2527 sensu
358 2479 447 2528 saitem
466 2479 598 2540 allegorico
624 2480 696 2528 nohis
715 2476 906 2540 intelligendum
919 2477 1047 2539 ‘relinquit

78 2548 138 2598 lusi

78 2617 111 2667 rte
123 2621 214 2680 potiori
224 2620 280 2679 jure
293 2612 374 2679 Deus,
386 2622 412 2668 et
422 2621 519 2668 ratione
530 2619 637 2668 dominii
647 2623 672 2668 ct
682 2621 780 2668 retione
789 2619 892 2678 iustitie
901 2629 949 2676 ,ex
958 2617 1046 2667 eadem

78 2700 119 2736 nm
133 2699 215 2734 massa
225 2723 232 2746 ,
244 2687 288 2736 sed
307 2687 474 2736 diversimode
490 2688 626 2750 disposite,
640 2687 796 2738 ChrIstianos
810 2685 952 2744 credentes,
964 2690 1046 2748 potest

78 2767 138 2803 vasa
150 2755 178 2802 in
190 2753 313 2804 honorem
321 2775 329 2816 ;
342 2754 436 2818 idest(
451 2760 480 2804 ut
494 2756 524 2805 ii.
540 2755 632 2806 Paulus
643 2757 750 2818 explicat
762 2759 784 2804 2.
797 2755 830 2804 ad
846 2755 914 2804 Tim.
924 2757 948 2804 2.
962 2768 990 2805 n.
1004 2756 1044 2815 20,

78 2836 128 2873 'asa
145 2823 317 2884 sanctificata,
337 2829 363 2873 et
378 2824 448 2873 utilia
466 2825 587 2885 Domino,
601 2825 633 2874 ad
649 2836 805 2886 omne-opus
821 2824 917 2879 honum
935 2828 1043 2886 paratas

96 2891 159 2942 vere
175 2893 318 2943 incredulos
334 2897 360 2942 et
374 2893 501 2955 nolentes,
514 2907 558 2956 per
569 2894 644 2943 tidem
655 2930 662 2954 ,
675 2894 690 2942 e
704 2893 819 2950 sordibus
832 2894 885 2941 suis
895 2893 1045 2953 emundari,

78 3004 79 3009 ,
91 2961 274 3015 coutumeliam
285 2999 292 3022 ,
304 2975 349 3011 seu
368 2961 488 3023 profana,
499 2963 600 3023 inutilia
611 2962 678 3021 Deo,
695 2955 770 3011 malis
783 2960 876 3010 dedita.

87 3031 139 3081 hoc
149 3036 235 3081 tamen
249 3032 396 3081 discrimine
407 3068 414 3092 ,
426 3031 493 3093 qued
504 3035 570 3081 sicut
582 3032 647 3081 Deus
657 3030 770 3094 proprie,
786 3028 891 3092 positive
909 3033 935 3078 et
951 3029 1045 3081 directe

78 3114 114 3153 'nr
121 3120 129 3162 ;
144 3103 181 3150 sic
193 3106 218 3152 ct
229 3100 344 3164 proprie,
355 3101 461 3162 positive
472 3105 497 3150 et
509 3101 604 3151 directe
614 3100 675 3150 facit
687 3112 747 3155 vasa
761 3101 787 3147 in
803 3098 935 3148 honorem.
959 3142 962 3153 ,

78 3174 179 3219 ·.autcm
189 3183 239 3219 non
252 3171 300 3218 nisi
311 3169 463 3231 improprie,
474 3169 611 3230 indirecte,
626 3167 739 3230 negative
750 3203 757 3226 ,
768 3166 914 3229 permissive
923 3166 1043 3227 indurat,

79 3239 131 3293 nisi
143 3238 280 3300 improprie
298 3242 324 3286 et
341 3237 463 3286 indirecte
479 3238 541 3288 iacit
551 3250 611 3287 vasa
630 3234 790 3287 contumelia
796 3254 810 3295 t·
819 3235 867 3297 ipsi
874 3238 966 3289 autam
985 3247 1044 3296 peo-

83 3306 193 3356 .directe
202 3309 227 3356 et
239 3305 341 3368 proprie
355 3317 409 3362 sese
427 3305 488 3356 talia
503 3306 616 3367 iaciunt,
632 3302 698 3356 sicut
711 3316 765 3354 sese
776 3303 875 3366 proprie
895 3307 921 3353 et
938 3301 1043 3367 positive

78 3380 112 3427 nt.

93 3448 132 3495 est
146 3457 221 3507 crgo,
234 3456 263 3493 cx
274 3443 327 3506 ipso
338 3444 367 3492 l).
379 3442 473 3503 Paulo,
484 3455 529 3492 vas
540 3444 567 3491 in
578 3442 721 3491 honorent
734 3442 778 3490 list
788 3453 834 3490 uos
844 3439 1041 3507 coemittentem,

78 3515 185 3572 omino„
202 3514 237 3562 od
257 3527 327 3562 omne
348 3513 441 3560 hortum
461 3525 524 3575 opos
542 3517 672 3574 puratum.
689 3509 718 3559 ld
736 3512 791 3570 est,
809 3510 892 3560 omnis
903 3511 929 3557 et
938 3505 1042 3568 quilibet

78 3597 154 3643 enus,
175 3595 221 3632 seu
239 3583 400 3642 justificatus.

81 3657 122 3709 est
133 3656 222 3706 autem
232 3664 277 3714 vas
290 3649 465 3710 contumelia,
476 3651 559 3699 omnis
570 3661 622 3697 non
633 3647 807 3707 Christianus,
818 3659 870 3696 non
881 3641 1040 3705 Justidcarus.

78 3735 102 3772 es
116 3721 221 3783 quidem
233 3757 239 3779 ,
254 3723 278 3768 et
289 3720 464 3779 Christianus,
475 3731 520 3768 seu
529 3717 699 3778 justificatus3
713 3721 738 3765 et
754 3729 806 3766 non
818 3713 987 3770 ChristIanus,
996 3723 1041 3759 scu

78 3791 212 3848 villicatus,
226 3795 287 3837 sunt
298 3801 325 3837 ex
341 3789 428 3837 cadem
448 3801 546 3847 massa,
564 3800 607 3846 seu
622 3799 712 3848 genere
725 3786 877 3834 hominum:

78 3871 151 3921 ¹ergo
168 3858 244 3907 habet
255 3856 407 3917 justitiarius
418 3856 485 3916 quod
498 3858 531 3904 sit
544 3869 588 3904 vas
601 3853 807 3915 sanctificatum?
818 3851 833 3918 e
843 3849 886 3912 Dei
898 3844 1042 3915 misericors·

78 3941 110 3981 rae
122 3931 209 3992 ipsum
222 3928 361 3992 prevenit,
377 3929 402 3974 et
418 3928 462 3974 cui
478 3925 621 3986 consensit,
638 3933 701 3983 seu,
719 3923 747 3970 ut
765 3918 862 3969 dicetur
873 3926 899 3963 n.
914 3913 959 3970 ³2,
981 3911 1042 3974 quia
