2520 4440
158 269 213 322 102
459 266 661 320 EPISTOLAE
680 267 727 320 ab
743 266 929 320 bunarios

189 361 254 411 ilinc
266 360 408 423 concludo,
420 361 487 424 qubd
497 364 613 425 spiritur,
625 375 678 412 non
688 373 761 421 caro,
816 365 861 416 lu.
869 366 954 431 Ergo,
963 361 1077 428 iratres,
1085 362 1213 419 debitores

158 430 232 479 nobis
249 429 322 480 debet
336 429 475 492 dominari,
488 433 548 492 quia
562 433 662 494 spiritui
674 432 760 479 omnia
783 455 880 494 sumus
891 455 950 495 mn
965 441 1058 506 camp,
1073 445 1104 494 up
1121 454 1212 494 mn.

159 496 292 558 debemus,
305 497 370 546 nibil
383 502 471 548 autem
483 501 565 549 carni.
577 499 649 548 absit
662 511 720 560 orgo
733 500 764 546 ut'
783 517 851 573 dflm
862 533 975 573 carnem
984 519 1119 573 vivamus·

159 568 214 618 bose
229 568 301 617 robis
312 567 468 618 dominetur.

189 636 215 686 Sl
230 638 300 686 enim
312 637 454 687 secundum
464 639 548 687 carnis
556 636 681 687 desideria
691 637 762 685 rixe-
817 646 862 697 15,
874 641 903 696 sq
914 642 989 695 enim
997 639 1154 694 secundum
1161 654 1214 695 w.

159 706 224 767 ritis,
234 708 393 767 moriemini,
403 710 429 756 et
440 709 521 755 morte
531 705 628 768 culpor,
641 709 667 752 et
679 707 761 753 morte
783 735 848 776 nem
860 719 996 783 vixerim,
1008 714 1167 773 mol-jemini
1178 735 1184 770 :
1195 717 1213 770 εἰ

158 774 279 837 gehenna
295 779 413 825 aeternae:
433 776 455 823 si
471 777 557 823 autern
572 774 663 835 spiritu
683 786 761 835 prava
783 803 876 851 autem
908 795 1008 849 sirim
1030 795 1105 848 facta
1135 795 1214 849 camis

159 845 243 892 carnis
255 843 378 893 desideria
390 842 568 900 exstinxeritis,
576 842 667 889 vivetis
677 842 702 888 et
710 839 761 888 viti
784 811 1023 928 mortificagerffls'
1047 872 1146 925 vivetis

158 913 280 972 grutiaeet
294 909 348 960 viti
363 910 457 972 gloriae.
940 944 944 949 .
997 944 1000 949 .
1025 911 1033 938 ’
1090 970 1094 974 ⁵
1147 908 1155 924 ⁶

189 977 348 1039 Quicumque
372 976 442 1027 enlm
464 977 569 1039 Spiritui
592 977 684 1027 Sancto
702 979 761 1026 ani·
817 989 862 1039 qq,
877 975 1052 1051 Quicumque
1069 984 1144 1039 onim
1161 983 1214 1051 spi.

159 1049 237 1108 mati‚
249 1059 352 1113 carnem
363 1047 532 1108 mortificant,
548 1049 677 1108 vitamque
689 1048 761 1110 spiri·
783 1067 839 1121 mu
856 1065 906 1118 Dei
923 1068 1046 1132 aguntur
1066 1046 1162 1119 iim
1175 1058 1213 1116 qffi

157 1117 254 1168 tualem
273 1120 379 1178 vivunt;
393 1118 411 1166 ll
434 1121 494 1167 sunt
515 1116 575 1166 veri
590 1116 635 1166 iiiii
650 1117 712 1177 liei,
736 1120 761 1165 et
784 1143 834 1197 Dei
1046 1101 1056 1130 '

159 1199 220 1234 curn
232 1198 260 1234 eo
272 1187 359 1234 vivent
371 1188 399 1234 in
412 1189 545 1236 aeternum.
836 1182 843 1195 '

160 1355 191 1404 do
206 1355 292 1436 Sancti
306 1353 413 1435 Spiritus
425 1353 584 1416 plenitudine
593 1354 717 1416 receperit
724 1371 732 1413 ;
749 1350 778 1400 eb
789 1350 846 1413 plus
858 1361 949 1410 cerpus
959 1350 1078 1396 nostrum
1088 1346 1120 1396 de
1134 1344 1212 1396 Christi

159 1422 503 1552 grodlrgdprgtgrgrffimm
515 1493 541 1539 et
551 1488 688 1539 instantiis
701 1491 786 1550 petere
802 1486 922 1536 debemus
930 1487 942 1534 i
951 1484 1031 1545 Veni,
1043 1485 1137 1541 Sancte
1145 1487 1212 1548 Spirl·

160 1564 214 1611 tus!
225 1561 333 1621 Spiritus
344 1561 402 1608 vitae
412 1562 418 1608 t
430 1560 485 1608 lons
505 1559 594 1608 salutis
606 1562 612 1607 i
626 1559 698 1607 radix
711 1555 906 1606 immortalitatis
916 1557 923 1603 l
935 1554 1036 1616 posside
1046 1568 1090 1605 cor
1101 1559 1127 1605 ot
1136 1556 1211 1618 corpu

160 1643 256 1680 meum.

193 1717 230 1765 ti.
242 1717 310 1776 Fsrqo
322 1714 422 1777 fratros,
433 1713 555 1763 debitores
572 1724 660 1761 sumtu
662 1745 710 1761 .....
721 1708 855 1760 Conclusio
866 1711 904 1758 est
914 1721 945 1758 ex
954 1708 1155 1771 praecedontibus
1165 1708 1210 1758 elo

159 1787 246 1846 qrritur
262 1789 348 1834 autem
361 1782 536 1846 apostolocae
548 1793 640 1842 carne,
654 1783 721 1831 sicut
731 1781 808 1844 supra
819 1779 850 1829 de
859 1782 980 1842 peceato;
992 1778 1020 1828 id
1030 1781 1069 1830 est
1079 1815 1088 1842 ,
1099 1781 1146 1844 ipsi
1156 1779 1209 1831 reiut

159 1868 288 1918 personae‚
301 1855 445 1904 dominium
462 1858 487 1903 et
499 1866 606 1916 regnum
619 1851 724 1913 afflugit.

190 1925 244 1973 Non
260 1937 335 1983 caro,
353 1924 397 1973 sed
411 1925 515 1986 spiritus
529 1923 601 1973 nobis
619 1922 692 1972 debet
703 1921 827 1970 dominari
843 1939 849 1969 ε
863 1919 967 1981 Spiritui
983 1922 1073 1982 enim,
1091 1934 1143 1979 non
1153 1921 1207 1981 carni

160 1993 292 2053 debemus,
309 1993 376 2055 qubd
390 2006 478 2042 sumus
490 1993 641 2052 Christianl;
654 1990 722 2052 qubd
739 1992 825 2038 aalma
839 1993 925 2037 nostra
940 1990 1005 2037 vivit
1020 1991 1075 2040 viti
1087 1993 1207 2053 gratle‚et
1240 1972 1250 2057 ⁸3

159 2065 187 2112 ln
203 2069 326 2113 aeternum
341 2066 440 2112 victura
462 2064 495 2112 sit
512 2062 565 2111 vita
578 2060 662 2122 gloriae
669 2080 677 2121 3
690 2058 757 2121 qudd
771 2061 895 2108 etnostra
911 2070 1016 2120 corpora
1030 2060 1207 2111 armoriolum
1248 2060 1250 2073 '

159 2132 244 2182 lutura
258 2135 310 2183 sint
323 2132 477 2182 immortalia
490 2151 496 2181 ι
509 2143 567 2192 crgo
579 2129 719 2180 secundum
730 2128 800 2178 bunc
812 2127 856 2177 liei
869 2129 988 2190 spiritum
998 2130 1084 2178 rivere
1097 2129 1205 2189 debemus,

158 2217 209 2253 stou
223 2203 358 2252 secuudum
372 2214 481 2251 curnem.

192 2285 354 2334 lusionem
374 2282 510 2333 seeundum
527 2295 626 2332 caraem
645 2281 773 2339 vixeritis,
794 2279 951 2338 moriemini,
972 2283 1056 2330 morte
1076 2281 1170 2345 culpe,
1184 2283 1203 2330 ln

159 2356 291 2417 praesenti;
310 2355 391 2401 morte
404 2352 576 2400 damnationis
597 2353 709 2410 aeterna,
722 2352 749 2398 in
766 2347 874 2399 tuturo:
888 2351 924 2397 ait
941 2349 970 2399 b.
988 2349 1080 2406 Tbom.
1097 2351 1127 2406 Si
1136 2355 1203 2402 ortuo

159 2424 252 2485 spiritu
266 2423 334 2484 foetu
343 2422 441 2480 caruis,
453 2421 479 2469 id
495 2425 533 2469 ost
542 2457 549 2481 ‚
556 2433 634 2484 prava
646 2420 769 2470 desideria
785 2419 817 2469 aii
829 2422 962 2482 peccatum
974 2420 1126 2471 inclinantia
1137 2418 1203 2471 morti

160 2487 310 2555 piraeeum,
322 2492 425 2550 oioeiio,
439 2493 468 2540 ut
477 2490 523 2540 ilbi
536 2491 580 2540 liei
592 2527 599 2551 ‚
610 2490 663 2539 riti
674 2491 760 2552 gratiae
775 2503 845 2539 nunc
857 2527 865 2551 ,
876 2489 929 2538 rita
944 2489 1030 2551 glorlte
1045 2493 1074 2540 ln
1083 2490 1158 2541 culta.

191 2577 229 2626 ll.
244 2576 397 2636 Quicumque
406 2575 471 2624 euim
487 2575 586 2638 Spiritu
595 2574 642 2624 Dei
656 2580 768 2636 aquatus
770 2608 829 2623 ......
841 2572 932 2622 Probat
941 2573 1009 2634 quod
1022 2573 1103 2636 dixit,
1114 2573 1202 2625 viulo.-

157 2648 235 2707 quia,
250 2647 294 2707 qul
307 2647 431 2708 dSqiritu
441 2646 533 2695 Sancto
548 2647 617 2695 intus
628 2645 801 2705 inhabitante,
814 2646 974 2707 pergratiam
985 2652 1099 2707 oquutur
1109 2667 1118 2696 .·
1128 2643 1202 2695 scillcet

158 2716 271 2778 (Syrus,
286 2715 432 2776 ducuntur,
445 2719 566 2777 reguntur
575 2713 593 2778 )‚
602 2718 627 2764 et
642 2715 703 2764 huic
718 2716 822 2776 gratia,
837 2727 880 2763 seu
895 2713 981 2763 Sancti
989 2713 1201 2777 Spiritdsmotibus

158 2785 343 2835 consentientes
353 2821 360 2844 ,
371 2796 417 2833 seu
428 2785 587 2845 obedientes,
601 2798 677 2848 opera
690 2786 774 2834 carnis
786 2784 940 2834 mortificant
949 2821 955 2843 ‚
964 2787 990 2833 et
1002 2784 1141 2850 spiritualia
1152 2793 1200 2833 exor-

158 2857 232 2914 eent;
242 2853 251 2915 (
261 2865 304 2984 ser)r
314 2890 321 2912 ‚
333 2856 360 2902 ut
372 2853 564 2917 altAEtbiopica
573 2856 668 2914 versio,
681 2867 769 2904 omnes
782 2855 826 2916 qui
836 2858 960 2917 peragunt
971 2865 1001 2903 ea
1011 2866 1086 2917 ,quae
1097 2850 1200 2914 sonitu·

157 2922 223 2974 ilit‘ls
235 2922 277 2971 bei
316 2941 323 2971 r

188 2993 222 3042 lii
236 2992 295 3041 vere
306 2997 364 3041 suut
372 2992 433 3042 Filii
443 2993 505 3053 Dei,
517 2996 543 3042 et
558 2994 740 3054 consequenter
755 2991 867 3042 haeredes
886 2991 970 3053 illius,
985 2995 1014 3041 ut
1032 2984 1129 3044 dl'oetur
1139 3006 1163 3043 n.
1174 2991 1200 3039 ti.

153 3067 184 3116 iit
201 3063 257 3112 ideo
269 3065 361 3111 vivunt
375 3075 435 3111 cum
446 3062 499 3112 illo.
848 3100 851 3105 .
1178 3099 1181 3105 -

187 3131 262 3180 Notat
275 3131 317 3179 bic
329 3130 359 3180 li.
369 3131 459 3193 Chrys.
469 3131 536 3192 quod
547 3145 598 3181 non
611 3131 702 3182 dixerit
716 3131 867 3194 Apostolus:
883 3134 1038 3194 quicumque
1050 3132 1164 3197 Spiritum
1170 3140 1201 3178 tt·

156 3203 291 3264 oeperunt5
301 3200 328 3248 bi
340 3203 400 3249 sunt
410 3200 456 3250 lilii
464 3201 508 3250 liei
521 3221 527 3249 ι
538 3204 580 3252 sed
598 3203 749 3264 quicumque
762 3202 862 3264 Spiritu
871 3202 923 3251 -Dei
934 3209 1061 3265 equuteo,
1072 3202 1201 3259 ducuntur,

156 3276 294 3333 reguntur,
308 3273 336 3320 ut
347 3272 463 3320 ostendat
474 3272 541 3332 quod
560 3284 611 3321 non
623 3272 715 3322 suflicit
730 3272 852 3334 Spiritum
865 3272 986 3322 Sanctum
1000 3274 1027 3322 in
1046 3273 1164 3337 baptismo
1174 3279 1200 3319 ro

157 3344 268 3404 cepisso;
279 3342 322 3391 sed
333 3345 454 3404 praeterea
468 3345 576 3404 requiri,
590 3347 620 3392 ut
634 3343 648 3392 d
662 3343 758 3405 Spiritu
777 3341 870 3392 Sancto
879 3349 997 3404 regamur
1005 3378 1013 3404 ‚
1028 3354 1108 3406 eoquo
1118 3339 1201 3393 doust

156 3415 253 3460 rectore
267 3410 319 3460 viti
332 3411 457 3472 spirituali
474 3415 499 3460 et
512 3409 630 3460 beliorml
644 3412 770 3461 vivamus.

186 3480 223 3530 lix
232 3480 320 3529 eodem
332 3479 361 3529 b.
373 3479 463 3542 Chrys.
477 3492 529 3529 non
542 3482 627 3529 nostro
641 3479 761 3529 debemus
776 3480 893 3529 instituto
903 3480 1006 3540 vivere;
1023 3479 1068 3530 sed
1078 3475 1200 3543 oculissi

156 3554 182 3600 et
191 3563 283 3613 corpus
299 3552 323 3598 et
334 3549 580 3600 animamdebemus
593 3549 698 3612 Spiritui
707 3549 752 3598 bel
765 3551 897 3611 subjicere,
906 3553 935 3598 ut
945 3550 1109 3610 gubernatori
1118 3545 1201 3611 norisii,

157 3623 186 3668 ut
198 3623 291 3682 aurigae
304 3623 400 3670 nostro.

186 3688 365 3749 illudentem,
381 3691 421 3751 agi
431 3727 438 3749 ,
450 3690 503 3752 regi
515 3726 522 3749 ,
536 3689 687 3750 gubernari,
702 3700 784 3749 neque
797 3692 971 3749 coactionem,
985 3701 1069 3750 neque
1086 3686 1202 3739 necessita·

155 3761 209 3807 tem
223 3759 356 3818 importat,
375 3757 420 3807 sed
436 3760 593 3816 motionem,
610 3769 654 3806 seu
670 3759 795 3819 passivam
811 3761 904 3807 nostre
919 3753 1201 3808 voluntatis-'inclinare

156 3840 229 3886 nem,
241 3839 296 3887 quae
312 3840 364 3876 non
380 3826 491 3876 excludit
501 3826 658 3888 libertatem,
673 3827 723 3888 qua
738 3826 814 3876 bomo
824 3829 877 3889 lpse
890 3833 963 3888 agat,
979 3829 1004 3875 et
1024 3828 1134 3890 seipsum
1145 3824 1201 3884 agol,

156 3899 254 3957 agilum
265 3897 290 3944 et
299 3897 406 3957 agimus.

188 3964 274 4024 itaquo
284 3965 374 4026 spiritu
386 3965 517 4031 piramus,
528 3975 645 4027 rogamur
653 3998 661 4026 ,
670 3964 759 4028 spiritu
774 3961 1194 4031 malos-interficiamusouptdltrtu
