2534 4432
421 249 752 306 trenontrsonss.
1049 270 1116 309 -xvn

101 341 274 439 Expertus
298 367 384 441 ego,
410 345 538 418 mentis
565 345 646 420 licet
668 347 886 437 exilissimce,
905 361 940 422 et
965 351 1116 423 Paulino

62 464 185 558 pectori
201 466 425 562 penetrando
444 468 582 541 infinitd
605 470 776 567 imparis,
794 471 868 544 haec
892 474 938 543 D.
967 473 1117 569 Chryso·

61 579 156 658 atomi
170 587 280 661 verba
297 589 397 697 quasi
413 591 614 689 prophetica
629 645 640 681 ,
662 591 707 664 ad
721 592 874 664 litteram
886 618 968 665 vera
985 596 1114 692 reperi.

99 710 264 807 Epistoiae
279 712 438 788 Paulinae
454 717 594 792 metalla
613 729 695 788 sunt
707 716 848 812 spiritds
864 715 1114 804 indeficientia3

62 845 89 904 et
107 833 226 906 fontes
253 834 400 908 luminis
426 849 461 908 et
486 836 599 938 ignis,¹
624 850 663 910 ut
679 838 725 909 ita
751 837 886 925 dicam,
911 838 1118 911 inexhauri-

62 953 152 1028 biles.

10 1110 14 1163 ;
99 1078 287 1174 Experirc,
311 1075 458 1167 Lector,
480 1060 722 1178 cujuscunque
754 1079 962 1185 eruditionis
974 1134 988 1168 ,
1011 1074 1115 1181 inge-¹

10 1194 33 1269 i'
63 1199 174 1298 niique
188 1200 367 1275 solidioris
386 1213 422 1273 et
436 1195 627 1289 acutioris,
642 1215 676 1272 et
698 1203 773 1274 haec
788 1201 912 1274 eadem
932 1203 1040 1275 verba
1056 1230 1114 1276 re-

10 1378 12 1395 .
63 1323 164 1418 peries
179 1324 340 1411 veriora3
360 1323 389 1396 si
400 1304 594 1423 praesertim
611 1324 789 1397 indefesso
805 1325 922 1397 studio
939 1351 1000 1398 cor
1014 1328 1114 1424 pium

62 1445 253 1542 adjunneris
270 1461 305 1524 et
320 1446 480 1536 humide,
498 1447 546 1520 ita
558 1460 598 1520 ut
612 1447 772 1519 oratione
788 1447 925 1522 fervidd
940 1459 974 1521 et
984 1448 1113 1523 humili

62 1565 257 1666 frequenter
278 1578 375 1666 petas
390 1573 410 1640 d
428 1573 531 1658 Deo,
556 1569 653 1668 quod
669 1570 826 1642 studium
838 1572 955 1643 solum
979 1595 1113 1670 suppe-

62 1688 162 1762 ditare
182 1716 258 1763 non
274 1693 443 1789 potuerit.
546 1751 552 1757 .

60 2015 208 2070 iunoniam
218 2018 358 2069 chanami
367 2019 419 2069 oiri
428 2019 458 2070 1).
467 2019 500 2070 (L
510 2018 545 2070 De
556 2019 695 2080 precellas,
705 2021 818 2070 tosocrc
828 2016 961 2071 Facultatc
971 2021 1113 2075 renus

82 2091 443 2152 recommendamus·
458 2101 481 2144 ct
491 2096 559 2157 senii
571 2095 697 2145 librorum
712 2096 902 2144 liaomiaotorir
913 2109 944 2144 oc
961 2097 1081 2146 Cenum.

79 2234 133 2298 Legi
146 2233 268 2289 monratt
283 2232 378 2284 librum
390 2234 476 2295 hunc,
491 2236 533 2284 cut
553 2233 643 2284 titulus
666 2237 723 2284 est:
740 2234 916 2297 Epistularum
931 2233 1019 2286 suncti
1031 2236 1112 2287 Ponti

58 2310 158 2372 Apostoli
169 2309 325 2372 Ecpositto‚-
332 2322 379 2371 per
393 2309 525 2370 Anulysim
536 2347 543 2367 ,
555 2309 744 2370 Porapttrusim
757 2314 780 2358 ct
795 2309 1020 2372 Communium
1036 2309 1112 2373 idque

58 2384 252 2435 cxillustrisslmi
270 2383 367 2433 domini
378 2383 493 2433 Franclae
502 2382 650 2433 cancellarii
664 2383 799 2443 mandat03
813 2386 838 2431 et
852 2381 916 2431 nlhii
928 2385 955 2432 ln
974 2383 1024 2435 hoo
1037 2397 1111 2448 opera

57 2460 144 2520 reperi.
160 2457 232 2520 qnod
243 2456 318 2519 fidei,
333 2460 379 2515 aut
393 2458 467 2509 banis
483 2458 596 2507 moribus
616 2457 763 2506 adversetur
779 2475 785 2506 z
799 2455 914 2518 quinimo
928 2456 1032 2520 dignuin
1048 2458 1110 2508 iliud

56 2534 160 2583 existimo
170 2531 239 2595 quod
249 2544 295 2595 pro
307 2531 415 2581 utilitate
425 2531 527 2595 publica
538 2534 605 2596 typis
613 2531 757 2581 mandetur.

78 2620 167 2672 iintnm
181 2623 210 2671 in
222 2619 355 2681 sorbonn,
374 2619 416 2670 dia
427 2620 442 2668 2
452 2622 502 2670 oct.
518 2620 588 2672 troi.

77 2729 78 2733 ,
732 2693 760 2744 G.
775 2693 813 2742 Dr
831 2693 986 2744 Pnncnntrs.

56 2968 153 3022 licendo
166 2970 308 3021 &modum
318 2942 445 3018 renuendi
460 2967 544 3029 patris
559 2965 683 3090 clanculis
699 2966 856 3016 itinnritcaoe
872 2965 1115 3029 canonicorum·-

534 3055 569 3090 mt
581 3054 621 3090 tw·

74 3185 121 3236 iios
133 3141 213 3234 trater
224 3152 406 3245 Augustiniui
422 3181 542 3240 Tissana,
557 3180 653 3234 ordinis
661 3179 770 3230 tretium
787 3181 918 3230 minorum
935 3181 1017 3230 sancti
1028 3180 1109 3231 Fran·

53 3259 304 3323 ciscicapucinorum
319 3255 442 3321 generalis
452 3256 584 3316 minister,
598 3254 656 3305 iicet
668 3257 825 3314 immeritus,
835 3257 1110 3317 uirtutapraesentinm,
1181 3272 1194 3305 .·

52 3334 180 3384 reverendo
191 3334 259 3396 patri
272 3332 300 3381 F.
316 3330 472 3393 Bernnrdtno
488 3329 518 3379 de
531 3330 668 3392 Picquigny
679 3366 687 3390 ,
697 3330 844 3378 Parisicnsis
855 3331 992 3391 provincia
1005 3333 1109 3380 concio·

53 3411 140 3470 natori,
153 3419 235 3458 sacrae
246 3405 377 3467 theologia
396 3405 498 3466 lectori,
512 3406 640 3468 ipsiusque
660 3406 796 3466 provincie
808 3403 979 3462 endetiniton,
992 3405 1110 3471 concedi·

53 3492 100 3533 uus
111 3483 262 3533 facultatem
280 3483 346 3543 typis
364 3479 503 3529 mandandi
526 3478 620 3528 librum
636 3477 668 3529 ab
687 3480 741 3540 ipso
762 3479 947 3540 composiwm,
963 3478 1005 3526 cui
1017 3478 1110 3530 titulus

52 3560 99 3606 ut:
114 3555 294 3620 Epistularum
308 3555 381 3604 Beati
393 3553 474 3602 Ponti
491 3552 603 3616 Apostoli
622 3553 751 3615 impositio
768 3551 872 3612 triplos,
883 3551 1005 3615 Anotysi,
1023 3553 1113 3605 Poro·
1151 3583 1154 3589 ·

51 3627 132 3686 tunsi
146 3634 171 3678 et
187 3627 369 3678 commentario
376 3644 387 3689 ,·
398 3626 473 3677 modo
487 3631 573 3676 tamen
589 3623 660 3688 prins
671 3626 704 3672 sit
713 3625 727 3672 d
737 3623 835 3674 duobus
847 3625 967 3688 theologis
978 3629 1057 3678 nostri
1069 3641 1108 3676 or-

51 3699 124 3765 dinis,
140 3704 156 3752 d
168 3699 308 3752 reverendo
318 3705 391 3764 patre
401 3699 549 3765 provinciali
561 3711 608 3750 suo
618 3700 749 3761 nssissmtis
758 3736 765 3761 ,
773 3700 941 3763 approbatus,
954 3703 1108 3762 curvatisque

51 3775 100 3827 itin
110 3778 141 3827 de
152 3780 213 3839 lure
229 3775 368 3827 servandis.

75 3864 166 3917 Datum
179 3864 280 3922 noma,
298 3863 339 3914 dis
356 3867 384 3916 tt
397 3865 465 3928 junii
487 3863 555 3914 1702.

201 3956 204 3961 ·
632 3933 1029 4032 F;Amou1nos,suprndictm·

169 4023 192 4072 i.
941 4019 964 4063 ὓ
