2520 4440
21 246 23 249 ’
100 235 151 285 558
288 232 417 284 Philini
435 231 639 286 EPISTOLAE
659 232 708 282 hb
726 224 966 282 CORINTHIOS

128 330 192 374 eum
215 325 276 375 viris
298 326 464 388 prudentibus
492 331 517 376 et
541 326 695 388 sapientibus
752 328 798 377 45.
810 326 844 377 Ut
853 318 1039 390 prudentibus
1048 317 1141 383 loquor,

98 393 161 442 mihi
174 405 213 442 res
230 397 287 443 est:
305 396 389 456 ltaque
404 407 449 445 vos
469 396 516 457 lpsl
532 394 644 455 iudinate
662 406 695 441 an
717 416 769 455 νος
781 401 834 468 ipsi
853 398 980 466 judicate
995 393 1070 462 quod
1083 391 1142 444 dico.

97 472 186 510 verum
199 463 234 510 sit
244 461 311 522 quod
322 461 378 510 dico
388 481 395 521 ;
409 461 505 511 scillcet
516 463 695 511 comestionem

98 526 297 590 idolothytorum
311 541 364 579 esse
378 528 555 580 idololatriam.

128 595 216 646 Nonne
230 596 336 646 calicem
351 597 513 647 benedictum
527 601 553 647 et
566 609 695 649 consecra·
752 594 797 645 16.
810 591 883 645 calix
892 584 1103 652 benedictionis,
1111 587 1146 642 cui

98 666 154 711 tum
167 661 294 724 bibentes,
306 664 526 712 communicamus
537 661 659 723 liomlno,
671 666 696 710 et
717 668 920 731 benedicimus,
931 681 1029 721 nonne
1040 679 1148 720 commn-

99 734 152 791 cjus
162 733 267 780 unimur
274 732 504 793 sangulnlillonne
511 743 613 793 panem,
621 743 695 792 quem
718 755 818 807 nicam,
835 752 982 820 sanguinis
993 751 1090 806 Christi
1100 748 1148 804 ως

99 814 292 863 consecramus,
309 806 335 852 et
353 807 528 852 consecratum
539 801 695 863 inungimus,
735 837 746 884 t
827 831 833 843 ·
994 829 1009 881 s
1074 830 1135 880 ·us

98 869 191 932 populo
202 869 417 928 distribuendum,
430 868 606 928 comedentes,
626 882 697 918 com·
719 845 734 884 e
769 845 851 897 ΡΜ
879 843 966 920 (ΙΨ
989 843 1106 921 fantum
1131 866 1147 917 .'

99 941 278 998 municamus,
294 941 319 987 et
336 950 416 986 unum
428 937 504 986 ilmus
522 950 582 986 cum
593 950 697 1001 corpore
719 913 1016 1019 ῃοῃῙῖθῬθΝζθΨῧῑω
1041 917 1149 972 ⁰⁰fp⁰m

99 1007 218 1055 pomjnjp
720 990 829 1038 Domini
845 991 888 1037 cst
903 1024 910 1035 .

131 1073 167 1121 lta
183 1072 260 1133 sane,
274 1075 348 1122 etita
365 1072 480 1132 realiter,
500 1077 529 1122 ut
546 1087 592 1123 nos
610 1087 698 1125 omnes
754 1079 800 1127 li.
818 1076 960 1136 Quoniam
977 1087 1053 1126 unus
1068 1072 1149 1138 panis,

132 1248 170 1295 15.
190 1248 400 1310 inprudentibus
419 1247 548 1309 tonum...
1152 1280 1154 1285 -

130 1316 192 1377 Quia
206 1316 345 1380 idolothyta
358 1317 506 1379 comedere,
526 1321 627 1369 vocavit
639 1317 823 1379 idololatriam,
836 1330 870 1368 ue
884 1318 1037 1380 quempiam
1050 1315 1097 1367 hic
1108 1314 1150 1365 die·

99 1389 168 1435 tione
180 1389 379 1450 exasperaverit,
397 1386 461 1435 lenit
472 1389 612 1437 orationem
623 1425 630 1449 ,
644 1387 780 1451 prudentes
793 1391 819 1438 et
834 1389 962 1450 sapientes
976 1399 1021 1436 eos
1034 1396 1129 1436 roenna

130 1455 194 1516 Quia
203 1459 290 1505 tamen
303 1455 401 1505 dietum
420 1468 473 1504 non
488 1455 564 1504 modd
582 1468 635 1505 non
653 1458 787 1517 retractat,
801 1456 845 1506 sed
862 1459 888 1505 ct
904 1455 1017 1518 probare
1031 1453 1109 1504 fuslds
1120 1455 1152 1501 ln·

100 1526 196 1586 tendit,
214 1525 285 1587 priris
306 1525 455 1576 benevolam
477 1537 566 1575 corum
584 1529 751 1576 attentionem
772 1527 820 1576 sibi
841 1525 979 1586 concillet,
996 1537 1050 1575 non
1067 1523 1152 1573 tantdn

100 1594 156 1643 illos
167 1594 274 1644 laudans
290 1597 319 1644 ut
330 1594 467 1657 prudentes
478 1598 503 1643 et
513 1595 657 1658 sapientes,
671 1595 715 1645 sed
728 1599 754 1645 et
764 1597 849 1658 ipsos,
860 1598 950 1645 sontes
965 1597 994 1644 et
1006 1595 1094 1644 noxios
1103 1604 1153 1642 cou-

99 1666 207 1713 stituens
216 1664 314 1724 iudices
327 1665 342 1712 d
354 1675 381 1713 se
394 1663 560 1713 dicendorum
571 1683 579 1724 ς
594 1666 667 1726 quasi
679 1664 792 1714 diceretz

130 1732 193 1792 Quia
204 1744 264 1781 cum
276 1733 338 1781 vlrls
351 1730 517 1794 prudentibus
525 1734 551 1780 et
559 1732 713 1794 sapientibus
723 1732 788 1781 mihi
797 1743 839 1783 res
848 1734 902 1792 est,
913 1731 980 1781 hine
989 1743 1044 1781 non
1054 1729 1153 1782 alluser-

101 1807 158 1862 peto
168 1801 266 1861 judices
278 1801 309 1850 de
323 1801 371 1862 lis,
382 1811 438 1861 qua
449 1799 564 1850 dicturus
577 1813 634 1851 sum
646 1819 653 1850 ι
667 1802 752 1862 itaque
763 1813 809 1851 vos
820 1802 869 1863 ipsi
884 1801 1019 1862 judionis,
1032 1814 1095 1852 uum
1103 1798 1153 1849 beni

102 1869 205 1929 probem
215 1868 355 1932 idolothyta
365 1868 463 1918 cultum
470 1868 595 1918 idolorum
602 1881 664 1931 esse,
672 1873 698 1919 et
703 1869 759 1919 ideo
769 1868 840 1920 vobis
847 1860 1153 1931 fugiendumessenbillii

133 1954 171 1999 16.
187 1949 257 2000 Cciie
273 1949 485 2007 benedictionis...

131 2019 231 2079 Primb,
251 2031 281 2068 ex
296 2021 351 2082 ipsa
367 2018 488 2080 religione
500 2017 642 2072 Christiana
659 2021 749 2082 probat
761 2023 887 2070 assertum
900 2033 996 2082 suum,
1010 2020 1106 2072 scilieet
1115 2022 1154 2070 in-

82 2087 85 2093 ’
101 2087 254 2138 molatorum
262 2090 442 2139 comestionem
452 2107 461 2149 t
473 2087 533 2138 edm
544 2090 577 2138 slt
587 2091 747 2152 participatio
758 2089 945 2140 sacrificiorum
957 2089 1090 2141 demoniis
1100 2087 1153 2139 oble

41 2223 43 2227 Α
101 2163 203 2219 torum,
224 2158 390 2208 idololatriam
406 2170 468 2208 esse.

134 2231 205 2280 colio
219 2232 408 2291 benedictionis,
424 2232 451 2282 ld
470 2235 526 2294 est,
543 2235 585 2283 cul
601 2232 716 2283 Christus
727 2235 754 2282 ln
770 2245 843 2283 coenn
860 2231 1015 2284 benedixit:
1028 2236 1071 2284 cui
1081 2233 1153 2284 Sicer-

102 2301 171 2348 dotes
182 2303 209 2348 in
225 2300 298 2350 hlissa
310 2301 481 2364 benedicunt,
493 2303 567 2363 cuius
581 2301 675 2352 haustu
686 2302 828 2351 benedIctlo
840 2302 1007 2354 credentibus
1018 2303 1153 2353 infunditur.

7 2398 10 2404 -
103 2371 132 2418 l).
145 2369 288 2419 huselmus.

132 2439 216 2486 Nonae
232 2439 423 2488 communicatio
440 2441 572 2502 conpuinic
584 2439 677 2490 Christi
687 2446 737 2499 est,
749 2439 845 2489 inciens
860 2451 910 2490 nos
921 2454 1011 2491 unum
1022 2454 1082 2492 cum
1097 2442 1152 2503 ipso,

102 2505 130 2553 li.
143 2504 268 2554 Thomas?
280 2505 306 2555 ld
317 2509 372 2566 est,
389 2519 475 2556 nonne
493 2508 599 2558 calicem
614 2507 713 2558 domini
726 2507 891 2558 benedictum
902 2513 929 2558 et
940 2514 1117 2561 consecratum
1124 2510 1153 2558 bi·

101 2574 203 2633 bentes,
217 2575 436 2624 communicamus
449 2575 576 2626 liomlnoi‘
595 2578 699 2626 unimur
715 2576 841 2626 Domiuot'

132 2643 167 2690 lta
188 2643 263 2703 sane,
282 2646 357 2704 quia,
373 2648 401 2692 ui
418 2644 634 2708 Theophylactus,
647 2650 704 2710 post
719 2645 745 2695 S.
761 2645 1056 2710 Chrysostomum,ait,
1067 2646 1153 2711 quodibi

102 2713 179 2762 calice
190 2717 240 2775 est,
250 2711 313 2762 illud
324 2714 438 2774 estquod
449 2727 479 2763 ex
490 2714 582 2765 Christi
595 2715 673 2765 latere
684 2716 757 2766 duxlt
768 2734 775 2765 ε
788 2720 814 2765 et
824 2728 856 2766 ex
868 2729 901 2767 eo
911 2720 1089 2782 accipientes,
1103 2728 1153 2767 mn·

101 2786 277 2844 municamus,
298 2783 324 2833 id
337 2788 392 2843 esi,
410 2786 515 2834 unimur
529 2784 639 2835 Christo.

132 2851 160 2899 ld
172 2852 239 2913 quod
251 2854 327 2901 estin
340 2853 435 2913 calice,
449 2858 487 2903 est
503 2853 529 2902 id
545 2854 613 2914 quod
626 2855 700 2905 duxit
713 2854 850 2916 exlatere,
862 2859 890 2905 et
902 2855 978 2908 illius
991 2871 1082 2908 sumus
1092 2856 1152 2919 perii

103 2921 178 2981 cipes.
187 2920 215 2969 b.
223 2921 423 2983 chrysostomus.

132 2989 293 3052 Subintelhge
304 3010 311 3040 ε
324 3004 382 3053 ergo
394 2991 509 3042 similiter
523 2991 588 3040 calix
600 2993 750 3044 maledictus
761 2993 889 3044 idolorum
899 3031 908 3055 ,
920 2999 962 3046 est
973 2995 1151 3047 communicatio

103 3071 162 3106 cnm
175 3060 247 3109 idolis
261 3064 286 3109 et
298 3060 439 3111 demoniis.

132 3127 203 3176 Sicut
222 3131 376 3191 participans
394 3129 499 3179 calicem
515 3130 632 3191 liomini,
648 3130 677 3180 tlt
695 3144 776 3180 unum
794 3133 944 3194 cumipse,
960 3135 999 3184 sic
1018 3136 1151 3196 participans

103 3195 207 3244 calicem
231 3196 426 3257 demoniorum,
446 3197 475 3247 iit
496 3210 578 3247 unum
600 3212 661 3248 cum
683 3201 729 3248 cis.
750 3198 877 3249 liaemonis
897 3201 988 3251 unitus
1005 3206 1046 3252 est
1064 3196 1151 3251 marini

102 3262 246 3379 gigiTelrlrdas
274 3277 331 3326 crgo
358 3268 383 3313 ct
409 3268 566 3329 participatio
595 3266 793 3330 idolothytorum
822 3268 850 3317 in
878 3281 973 3323 eorum
1000 3272 1150 3321 venundare

124 3365 131 3379 .
184 3345 262 3381 omas.

132 3406 165 3453 Et
174 3406 249 3466 panis
265 3419 338 3467 quem
355 3406 526 3469 incipimus...
536 3407 562 3457 ld
578 3412 615 3457 est
626 3445 632 3468 ,
644 3421 721 3470 quem
735 3421 939 3473 consecramus,
960 3413 1093 3464 offerimus
1103 3413 1151 3467 boo,

103 3477 129 3521 ct
142 3473 253 3522 oblatum
272 3474 425 3536 frangimus,
440 3481 464 3525 et
477 3477 568 3538 populo
584 3476 650 3525 iideli
665 3478 857 3540 distribuimus3
874 3493 959 3532 sienne
979 3481 1151 3534 communicati

104 3543 216 3603 corporis
226 3543 326 3591 Domini
339 3547 392 3592 eati
406 3543 500 3593 iaciens
513 3557 558 3594 nos
570 3559 651 3595 uuum
662 3559 723 3595 cum
734 3546 850 3608 Chrisio;
864 3551 928 3610 qula
939 3551 991 3602 sub
1004 3555 1088 3616 specle
1097 3550 1152 3615 punis

103 3611 210 3658 sumitur
224 3621 315 3672 corpus
330 3609 435 3671 Christi,
451 3615 487 3661 ait
500 3613 528 3662 b.
543 3613 664 3663 Thomas.
983 3620 986 3627 '

133 3675 206 3724 Notat
217 3675 261 3725 hio
273 3676 299 3725 Ρ.
313 3676 442 3729 Cornelius
455 3692 485 3730 cx
497 3680 602 3742 Stulrio,
616 3681 676 3732 licit
694 3681 861 3744 heterodoxo,
880 3685 953 3747 quod
967 3687 1104 3739 orientales
1117 3685 1151 3735 ba-

103 3743 195 3793 bebant
210 3757 287 3807 panes
305 3745 368 3795 letos
380 3751 405 3797 et
414 3749 533 3810 subtiles,
547 3753 626 3801 instar
640 3751 779 3814 placente,
793 3766 857 3814 quos
872 3758 998 3808 manibus
1016 3758 1088 3811 incili
1098 3756 1151 3807 har·

103 3812 205 3872 gobant,
223 3817 250 3861 nt
267 3816 301 3862 ita
318 3814 398 3864 cultro
415 3829 478 3879 opus
492 3831 543 3868 non
556 3819 695 3871 haberent:
714 3821 777 3871 hinc
795 3822 913 3885 frangere
925 3839 1033 3890 panem.

137 3895 174 3943 ii.
191 3895 315 3952 Quoniam
335 3910 399 3946 unns
416 3899 519 3960 ponis...
534 3901 590 3964 Syr.
612 3904 828 3966 quemadmodum
850 3908 931 3970 igilur
952 3923 1023 3961 unus
1041 3907 1151 3977 ceipene
