2520 4440
343 249 514 342 TlthLEX
532 253 754 309 expositio.
775 255 855 310 CAP.
876 258 926 309 xl.
1111 259 1165 312 157

410 497 549 576 titur
576 501 855 578 dubietatum.

270 659 379 698 rrxrds.
774 667 959 707 erraruntsm.
1056 706 1058 712 .

96 736 261 897 [Dico
281 783 348 836 ergo
374 786 380 821 :
404 770 544 835 Numquid
567 781 656 884 Drxr
674 769 773 822 iudaeos
788 768 1010 837 aueo-reprime
1028 776 1072 827 sed
1093 790 1164 830 nono

197 850 272 899 Deus
292 846 392 912 repulit
410 847 544 913 populum
588 878 594 885 .
618 850 702 899 quero
721 841 842 902 aErgone
860 842 926 894 licus
944 844 1073 908 populum
1087 846 1163 898 soum

100 924 207 976 suum?
220 924 308 977 Absit·
321 925 389 977 Nam
402 930 429 977 et
441 939 492 992 ego
504 929 545 977 13,
566 905 641 968 plane
657 909 765 990 repulit?
776 911 831 961 lion
849 913 898 963 boc
913 913 970 965 dico
982 934 989 964 ι
1002 915 1053 977 ligo
1069 919 1163 991 etenim

99 1001 196 1053 mma
213 1015 275 1053 sum
295 1015 327 1054 ex
341 1002 445 1055 semine
460 1002 544 1054 Abra·
562 987 624 1056 sum
636 988 666 1025 ex
680 977 723 1026 rllo
734 978 826 1042 populo
836 1018 843 1041 ,
853 994 906 1031 nou
919 985 1060 1047 ascititium
1074 985 1116 1035 sed
1133 1000 1163 1038 er

99 1076 488 1145 hameetribusseoame
566 1045 1164 1176 ills.llllididiiltltidlitt

566 1153 698 1245 Apostolus
711 1186 813 1238 Christi.
964 1184 967 1192 ¹
1046 1162 1053 1186 ’

133 1255 160 1304 1.
172 1253 234 1304 iton
244 1252 345 1318 repulit
353 1252 542 1318 beuaplebem
595 1253 650 1303 lion
669 1256 762 1318 repulit
778 1258 844 1308 Deus
863 1271 919 1311 eam
938 1263 1017 1325 plebis
1033 1275 1085 1314 suaa
1104 1278 1163 1328 par·

99 1344 197 1396 suam,
220 1344 304 1399 quam
327 1333 475 1399 praescivit,
501 1336 542 1385 Αῃ
565 1322 720 1384 tem,quam
732 1326 848 1386 previdit
861 1329 947 1388 gratim
964 1342 1016 1380 suaa
1028 1330 1081 1381 iore
1099 1332 1163 1382 oda·

99 1404 215 1462 nescius
244 1411 274 1463 in
297 1411 355 1464 Elia
384 1413 452 1478 quid
476 1412 544 1465 dicit
565 1389 629 1452 lem,
641 1397 666 1440 et
679 1395 706 1443 in
720 1394 849 1445 Christum
861 1397 1023 1450 credituram.
1035 1400 1162 1452 Carteres

100 1487 243 1554 scriptura
271 1506 278 1542 :
308 1490 543 1556 quemadmodum
566 1473 617 1510 uon
629 1462 689 1546 latet
705 1465 772 1548 quod
785 1468 812 1515 in
831 1466 875 1516 lib.
888 1471 911 1518 3.
928 1469 1023 1531 Regum
1039 1474 1162 1535 scriptum

566 1537 618 1594 est,
640 1534 683 1583 ubr
697 1535 765 1599 Elias
780 1536 860 1586 baum
880 1536 1025 1601 alloquens,
1045 1541 1162 1593 lsraelem

100 1567 257 1633 mmmm
283 1571 371 1620 Deum
395 1567 543 1622 adversam
567 1604 682 1661 incusat,
697 1605 769 1664 quasi
780 1603 874 1654 totusa
888 1605 931 1655 liei
943 1606 1160 1673 outo-debcant,

101 1647 207 1699 lsraelss
246 1726 252 1738 .
566 1670 633 1720 etad
645 1671 812 1722 idololatriam
823 1673 939 1737 delapsus
950 1678 996 1727 sit.¹

133 1728 159 1777 5.
171 1728 303 1790 Domine,
316 1728 467 1794 Prophetas
479 1735 543 1783 tuos
595 1740 716 1801 Domine,
739 1743 837 1805 inquit,
858 1744 994 1807 Prophetas
1013 1750 1070 1797 tuos
1094 1750 1162 1799 oeci-

101 1800 280 1867 occideruut,
294 1805 388 1857 altaria
399 1811 446 1858 tua
458 1806 544 1860 sulio·
565 1807 670 1868 derunt,
689 1807 779 1858 altaria
796 1812 840 1858 tua
858 1811 1035 1863 subverterunt
1052 1832 1059 1863 ε
1075 1820 1100 1864 ct
1116 1829 1161 1878 ego

101 1880 200 1934 derunt
219 1897 226 1934 :
243 1887 270 1934 et
287 1895 338 1949 030
352 1884 464 1936 relictus
481 1898 542 1937 sum
565 1876 633 1926 solus
650 1878 689 1925 tui
707 1876 790 1925 cultor
801 1877 903 1929 relictus
917 1893 990 1943 sum,
1005 1886 1030 1932 et
1044 1887 1162 1944 quarunt

101 1960 191 2023 solus,
216 1964 245 2011 et
267 1966 396 2027 quaerunt
420 1958 542 2014 animam
565 1945 740 1995 auseffflmihi
753 1947 832 1996 vitam
843 1958 935 1999 mmm·

101 2051 200 2091 111θᾶ111.

126 2228 189 2277 Car.
202 2228 244 2277 lii.
263 2231 285 2277 l.
300 2229 361 2276 Dico
375 2242 433 2290 erpo
447 2250 455 2278 .·
472 2230 601 2292 Numquid
614 2233 680 2280 bees
697 2230 792 2292 repulit
804 2231 958 2294 populum...
971 2231 1035 2292 Quia
1045 2231 1162 2294 superibs

97 2298 177 2356 dixit,
195 2296 297 2346 Judaeos
314 2297 346 2346 ob
362 2297 564 2348 incredulitatem
581 2313 654 2349 suam
671 2301 752 2350 tileo
771 2303 893 2362 rejectos,
906 2304 931 2350 et
948 2301 962 2349 1
978 2302 1075 2361 justitia
1093 2302 1161 2350 cecl-

97 2367 161 2416 disse
169 2387 177 2428 ;
185 2370 372 2427 gentesautem
381 2372 482 2430 propter
494 2368 568 2418 iidem
578 2371 611 2419 ad
622 2372 747 2430 justitiam
759 2372 865 2432 ascitam
877 2370 964 2431 objicit
973 2368 1020 2419 sibl
1031 2382 1075 2432 per
1086 2370 1162 2419 iliter-

96 2439 254 2498 rogationem
268 2457 274 2484 ι
290 2437 387 2497 Ergone
398 2450 487 2486 verum
498 2439 613 2500 estquod
625 2440 689 2489 licus
700 2439 822 2502 populum
834 2452 910 2489 suum
923 2440 1060 2502 repulerit,
1074 2452 1107 2488 ne
1117 2438 1162 2488 ilat

95 2508 224 2568 particeps
242 2506 448 2555 benedictionum
464 2508 491 2554 in
505 2507 604 2559 Christo
617 2511 817 2571 promissarum?

125 2582 209 2630 Absit.
220 2580 362 2643 Respondet
375 2580 442 2641 quod
455 2593 506 2631 non
517 2601 524 2642 ;
536 2580 612 2646 idque
627 2596 673 2633 suo
686 2584 775 2647 probat
790 2583 903 2646 exemplo
916 2603 922 2633 ι
937 2596 998 2633 som
1015 2589 1038 2632 et
1058 2595 1102 2644 cpe
1122 2583 1162 2630 ic-

94 2650 191 2699 reeiito
204 2663 277 2706 stre,
297 2652 323 2698 et
337 2654 423 2699 tamen
438 2650 535 2714 tidelis,
548 2647 724 2714 meletianos,
741 2658 766 2702 et
782 2652 923 2716 Apostolus.

125 2737 150 2782 2.
167 2734 224 2782 Non
239 2733 334 2797 repulit
346 2735 413 2783 Dcur
429 2735 527 2797 plebem
539 2749 627 2794 mam,
644 2751 720 2799 quem
727 2737 869 2800 prescivit,
885 2735 911 2784 td
924 2738 977 2796 est,
997 2746 1049 2783 non
1069 2732 1162 2796 repulit

94 2816 153 2853 earn
167 2801 249 2864 piebis
263 2799 314 2852 suae
326 2808 437 2866 partem,
449 2818 527 2866 quam
538 2809 664 2867 prescivit
679 2807 786 2868 gratiam
804 2806 853 2855 sibi
864 2805 942 2867 gratis
953 2804 1063 2854 oblatam
1074 2805 1162 2866 sponte

94 2872 286 2933 admissuram,
301 2872 354 2926 iore
368 2873 466 2923 iidelem
478 2911 485 2935 ,
499 2879 524 2929 et
538 2874 706 2932 inebriatum
719 2874 883 2925 credituram.

126 2949 166 2996 Ae
178 2948 277 2996 necitis
288 2948 316 2996 in
326 2948 400 3006 Elio,
415 2948 442 2998 id
453 2953 503 3010 est,
514 2951 540 3000 in
555 2949 615 2999 liliae
624 2960 733 3012 persona
742 2968 751 3010 ;
761 2949 802 2998 vel
813 2949 844 2998 de
857 2948 913 2997 illia
923 2960 968 3010 per
976 2941 1161 2995 liebrtismum.

94 3015 135 3066 An
152 3017 259 3065 nescitis
275 3017 337 3078 quid
357 3017 486 3080 Scriptura
503 3023 526 3069 3.
543 3019 602 3080 lieg.
624 3023 661 3069 19.
683 3019 767 3079 dicat,
787 3018 831 3067 ubi
852 3016 920 3066 Elias
935 3015 987 3065 zelo
1002 3013 1047 3062 liei
1062 3018 1162 3072 motus,

96 3087 254 3148 colloquitur
271 3100 331 3137 curn
350 3088 400 3136 lico
418 3092 505 3138 contra
518 3089 648 3149 lsraelem,
664 3088 737 3151 duasi
748 3091 816 3138 totus
826 3086 842 3136 1
853 3086 897 3136 liei
909 3085 980 3137 cultu
992 3082 1126 3145 deiecerit,
1136 3084 1164 3131 et

96 3156 129 3206 ad
144 3159 304 3219 impietatem
324 3162 349 3206 et
369 3158 536 3208 idololatriam
553 3159 671 3222 delapsus
686 3158 783 3208 fueriti

126 3240 432 3302 e.bomtec,1³ropteras
443 3248 497 3292 tuor
509 3242 742 3299 occiderunt...llaec
752 3241 814 3291 dicit
822 3236 891 3289 Elias
901 3248 1009 3287 moerore
1017 3233 1162 3292 conlectos,

95 3315 121 3360 et
132 3313 220 3362 omnia
230 3315 322 3373 putans
332 3311 458 3372 deperdita
468 3349 474 3372 ,
484 3325 559 3373 seque
570 3312 651 3362 solum
663 3311 706 3360 bel
717 3311 845 3360 cultorum
855 3309 1003 3358 existimans
1014 3316 1066 3353 esse
1077 3314 1163 3382 super-

96 3383 192 3431 etitem.
206 3382 258 3430 Nec
280 3383 349 3429 eirim
363 3380 429 3430 iletrs
442 3381 576 3444 Prophetas
594 3395 652 3431 suos
672 3382 702 3431 de
718 3380 837 3431 omnibus
853 3381 936 3428 certos
956 3375 1038 3434 facite
1049 3371 1095 3452 sed
1114 3368 1163 3417 illis

96 3464 161 3514 saepe
172 3454 198 3500 et
209 3449 297 3517 electis
309 3452 363 3500 suis
374 3450 518 3505 manifestat
531 3452 630 3507 tantum
643 3452 708 3503 mala
722 3463 779 3513 quae
792 3450 875 3507 liunt,
888 3449 914 3495 et
928 3453 984 3506 qua
998 3443 1077 3491 ileum
1088 3438 1163 3487 mbo-

97 3525 206 3581 uorant;
219 3524 248 3569 ut
260 3518 317 3568 illos
329 3525 443 3568 exerceat
454 3524 478 3570 et
489 3522 589 3585 probet,
604 3533 740 3582 eorumque
752 3520 834 3568 zelum
848 3514 980 3566 accendat.

125 3596 230 3646 Altaria
247 3601 293 3644 tuo
308 3595 477 3655 suffoderunt,
501 3596 526 3645 id
551 3601 605 3657 cst,
632 3599 659 3645 in
681 3597 719 3646 tui
742 3595 917 3656 contemptum
940 3584 1088 3637 everterunt.
1105 3576 1162 3627 llaee

97 3664 202 3726 altaria,
216 3664 249 3713 de
263 3664 358 3726 quibus
374 3663 436 3726 blo,
450 3669 522 3715 erant
541 3666 584 3714 illa
603 3678 660 3728 quar
678 3668 706 3716 iu
724 3665 813 3714 decem
825 3657 943 3710 tribubus
956 3650 1029 3704 lsrael
1045 3648 1119 3726 erant
1135 3647 1163 3693 in

97 3736 200 3786 excelsis
215 3736 363 3793 exstructa,
375 3738 547 3796 temporeque
561 3747 612 3784 non
626 3731 820 3797 permittebatur
833 3729 866 3778 ad
879 3721 1002 3784 templum
1014 3720 1065 3796 ires
1078 3725 1164 3794 sicque

98 3817 193 3855 tessare
205 3803 343 3854 videbatur
355 3837 362 3860 ,
375 3801 412 3851 len
424 3803 523 3853 beuter.
539 3808 577 3854 iti.
590 3807 613 3854 2.
627 3816 683 3866 quae
695 3803 721 3852 id
732 3802 787 3852 lieri
799 3796 909 3847 vetabat.
921 3792 978 3861 lieo
987 3785 1074 3866 aliana
1085 3780 1164 3847 imin&

96 3875 126 3926 ab
137 3875 227 3926 Achab
238 3877 265 3923 et
276 3870 374 3935 lezabel
390 3883 475 3921 eversa
488 3875 560 3933 sunt,
573 3875 631 3935 quta
643 3882 673 3922 cr
683 3872 741 3935 odio
752 3868 797 3916 liei
809 3903 816 3926 ,
829 3860 962 3919 cultosque
972 3852 1067 3911 ‹livini3
1077 3845 1119 3924 pit
1130 3847 1164 3908 ab

97 3929 202 3996 brechia
219 3946 246 3994 et
259 3940 330 4002 tosta
342 3948 429 3995 eversa
441 3943 520 4011 suot,
536 3943 595 4004 quta
609 3941 703 3998 verita,
717 3937 820 3985 beata.
835 3932 873 3978 to.
