2520 4440
354 255 525 308 TRIPLEX
542 253 770 308 exbosirio.
789 255 871 310 GAP.
889 255 911 308 1.
976 307 985 319 ,
1123 255 1159 310 ii

122 347 381 400 Parnm—Utbauc
389 350 483 398 animm
491 349 571 397 vitam
582 346 722 397 ordinaiibs
733 349 874 410 concipias,
884 350 909 398 et
918 350 946 397 in
954 350 1052 410 praxim
1061 347 1159 399 facilins

95 422 119 468 et
134 417 299 481 frequentius
315 417 427 478 redigam
447 417 553 478 concipe
565 413 632 476 qubd
647 414 761 465 Christus
772 417 799 464 in
811 427 888 465 cruce
901 416 1036 477 exaltatus,
1054 422 1091 466 cst
1104 416 1159 467 ious

94 490 166 548 riim,
174 491 202 537 et
211 485 282 548 qued
293 485 356 535 fides
368 487 396 535 in
408 485 538 535 Christum
547 487 585 534 est
597 484 711 533 medium
720 496 770 545 quo
781 487 833 534 viia
844 486 899 535 boec
910 487 924 534 1
935 486 1033 536 Christo
1043 499 1159 536 cummu-

96 524 198 605 nicat’ur
214 556 287 605 omni
306 556 362 604 in
355 552 843 616 11181111101111181111;8θ111111508111]θεὶ
861 554 1033 616 canaiis‚quo
1052 554 1067 604 e
1086 555 1160 604 corde

96 623 204 686 Christi,
218 627 274 673 viia
286 623 345 673 fluit
358 625 385 673 in
399 635 442 672 cer
455 624 580 673 nostrum

124 661 227 744 cbris'tc
239 697 342 755 itaque,
357 695 415 742 vita
425 690 488 740 ionii
496 689 672 752 mirequemcr
688 689 740 740 irnb
757 678 877 743 cuuiiuub
890 704 935 754 per
949 691 1047 742 iidem·
1038 704 1159 755 pungere.

97 768 125 813 ut
141 766 216 812 vivas
227 765 356 824 ,ejusque
371 765 450 812 viiam
468 759 589 820 haurlas3
607 764 632 809 ei
648 763 677 808 ut
695 760 727 809 ab
745 762 863 812 omnibus
883 763 934 810 iuis
953 761 1114 823 languoribus
1134 764 1160 810 et

97 832 289 882 inbrmbatibus
308 832 413 880 saneris.
430 829 501 878 Sicut
518 828 534 877 a
553 828 710 890 serpentibus
725 829 851 879 vulnerati
867 843 919 880 nun
936 831 1091 880 sanabantur
1109 830 1160 880 nisi

97 901 176 950 oculis
194 901 324 962 corporeis
340 900 485 961 Serpentem
505 910 621 957 uncum,
640 898 667 945 in
685 910 760 947 eruce
779 899 932 959 exaltatum,
950 899 1160 962 aspicereut;·sic

97 968 182 1018 nulius
192 967 354 1017 bominumb
364 968 486 1029 serpentis
497 964 627 1014 infernalis
637 969 798 1027 percussione
809 968 948 1027 sanabitur,
955 962 1160 1030 spiritualemque

97 1040 174 1088 vibam
188 1038 374 1099 consequetur,
387 1035 437 1085 nisi
450 1034 530 1099 oculis
539 1033 597 1082 ildei
609 1032 738 1084 Christum
752 1037 779 1084 in
793 1048 869 1085 cruce
883 1036 1020 1085 exaltatum
1030 1037 1145 1098 aspiciat.

123 1105 243 1155 iiurtuus
252 1107 301 1154 esi
315 1104 397 1154 oculis
409 1102 467 1152 fidei
480 1103 577 1164 respice
589 1101 675 1150 Jesum
687 1103 852 1163 crucifixum
865 1106 943 1167 ipsius
960 1117 1028 1153 mors
1046 1107 1094 1152 erit
1107 1106 1160 1153 viia

97 1180 139 1226 tua
151 1193 159 1224 ι
169 1174 310 1236 languidus
318 1186 346 1224 es
357 1172 507 1225 etlnflrmus
516 1170 615 1221 ieeulls
628 1171 685 1220 fidei
700 1176 796 1234 respice
805 1174 891 1222 Jcsum
903 1173 1067 1234 crucifixum,
1080 1178 1105 1223 et
1114 1185 1160 1235 pro

98 1247 120 1294 te
128 1244 296 1305 languentem
302 1263 310 1303 3
321 1244 401 1305 ipsius
412 1240 574 1302 languoribus
584 1241 721 1293 sanaberis.
731 1239 819 1291 Vivis?
828 1241 909 1291 oculis
919 1241 977 1291 fidei
991 1245 1055 1291 riva
1064 1245 1160 1305 respice

99 1313 262 1373 crucifixum,
275 1315 336 1362 viiae
345 1311 457 1372 iontem
469 1314 495 1360 et
508 1313 588 1360 vitam
598 1309 702 1360 habebis
716 1311 936 1361 abundantiorem

125 1381 303 1441 ebusum,
321 1379 403 1440 stilla,
415 1348 522 1428 ini’undc
541 1377 607 1427 mibi
624 1380 722 1429 viiumi
741 1380 855 1442 christe,
877 1380 923 1430 Fili
937 1380 981 1429 Dei
999 1381 1066 1441 vivi,
1087 1379 1160 1429 credo

101 1449 163 1512 qued
176 1452 247 1511 viia,
260 1451 451 1499 resurrectiuet
464 1449 522 1497 rita
536 1446 592 1496 icus
607 1459 654 1495 es:
669 1448 831 1510 animaeergb
844 1461 923 1509 meae,
937 1449 982 1497 tibi
995 1451 1056 1497 etin
1069 1453 1161 1498 iecre·

101 1520 174 1581 deuii,
183 1519 328 1579 duritem,
338 1519 454 1567 civitam
465 1514 690 1566 abundantiorem·
683 1518 794 1581 inspira
804 1517 924 1568 continue
935 1510 962 1567 in
974 1517 1063 1566 iacIem
1075 1531 1159 1567 meam

102 1588 255 1651 spiraculum
267 1590 337 1648 viiae,
348 1590 373 1637 ei
382 1598 427 1650 per
439 1589 511 1635 tuum
521 1585 626 1646 graiium
637 1584 683 1634 iias
693 1587 720 1636 iu
732 1598 773 1637 me
782 1586 838 1638 iens
851 1588 924 1639 rivus
937 1585 1028 1637 saliens
1041 1587 1069 1636 in
1080 1588 1158 1636 iiiam

102 1662 224 1709 aternam.
1177 1660 1180 1666 '
