2520 4440
327 264 493 319 tutaturi
511 267 733 323 expositio.
755 270 837 324 CAP.
857 273 926 324 ΧΠ.
1102 271 1155 328 589

78 441 1154 488 οοκοοκοοκκκκκκκκκκκκκκκκκοόκκκκκκκκκκκκκ

202 633 459 718 ANALYSIS
488 639 697 722 CAPITIS
725 639 1043 722 DUODECIMI.

83 933 160 1034 pua
172 979 226 1034 tria
235 981 379 1049 sequentia
389 982 479 1050 capita
487 985 644 1039 corinthios
653 987 764 1040 instruit
777 987 812 1041 de
825 988 942 1055 Spiritus
951 988 1148 1043 Sanctidonls:

83 1062 115 1116 in
127 1061 185 1116 boc
194 1069 287 1117 autem
298 1065 466 1119 duodecimo
478 1068 568 1134 capite
583 1069 618 1123 de
630 1069 858 1136 charismatibus,
872 1085 921 1124 seu
934 1071 1016 1125 donis
1028 1074 1153 1139 gratuitis

84 1147 161 1214 agit,
175 1147 205 1200 id
220 1152 279 1211 est,
290 1149 386 1215 gratiis
398 1149 482 1217 gratis
492 1151 573 1204 datis.

122 1233 196 1285 Ante
208 1232 300 1284 omnia
312 1233 426 1286 brevem
437 1239 464 1286 et
474 1233 581 1287 facilem
593 1233 640 1286 dat
652 1235 692 1287 eis
704 1236 845 1302 regulam,
859 1236 914 1303 qua
925 1237 1089 1303 dignoscant
1100 1253 1146 1302 ea,

86 1329 139 1368 seu
155 1314 213 1381 qua
226 1314 345 1381 spiritus
365 1316 458 1370 Sancti
476 1317 550 1370 dona
570 1317 730 1371 discernant
748 1318 784 1372 ab
800 1319 943 1372 effectibus
961 1319 1074 1387 maligni
1091 1322 1145 1386 spi

86 1398 168 1458 ritds,

123 1485 181 1536 llac
193 1484 286 1550 regula
297 1484 362 1536 data
373 1483 399 1552 i.
414 1487 440 1536 5.
455 1483 547 1535 statim
562 1483 589 1550 i.
606 1487 633 1536 tl.
647 1484 815 1551 aggreditur,
832 1485 989 1551 spirituales
999 1485 1152 1540 Corinthio·

86 1579 152 1619 rum
164 1564 344 1633 aegritudines
353 1565 427 1619 circa
439 1565 622 1630 charismata,
634 1572 662 1618 et
676 1581 774 1620 eorum
786 1583 886 1632 usum,
902 1582 1010 1636 sanare.

123 1648 193 1710 Quia
207 1661 273 1714 ergo
285 1649 360 1715 apud
375 1648 550 1710 Corinthios,
568 1649 597 1700 in
611 1647 666 1701 lide
677 1649 820 1713 infirmos,
841 1651 1006 1704 charismata
1018 1656 1096 1704 erant
1108 1665 1155 1704 oc-

86 1731 164 1785 casio
179 1731 333 1797 superbiae,
350 1731 478 1794 invidiae,
492 1731 614 1797 dissidii;
634 1731 699 1785 hinc
710 1733 739 1784 in
751 1733 795 1785 bis
810 1734 1015 1786 Corinthiorum
1029 1734 1100 1785 vitiis
1111 1746 1151 1786 sa·

86 1815 202 1877 nandis,
217 1822 243 1866 et
256 1815 405 1867 contrariis
414 1815 562 1867 virtutibus
579 1814 754 1868 insinuandis
768 1821 842 1869 totus
854 1821 896 1868 est
908 1817 1056 1882 Apostolus
1069 1818 1098 1868 in
1110 1830 1152 1869 ro

86 1899 166 1966 liquo
182 1897 282 1963 capite.
581 1902 584 1907 ’

122 1981 195 2033 llinc
211 1980 238 2047 i.
254 1984 285 2044 l,
303 1983 334 2043 5,
347 1983 373 2032 6.
390 1980 530 2033 multoties
546 1982 646 2047 repetit
658 1981 735 2048 quod
747 1981 807 2033 haec
822 1982 914 2046 dona,
931 1982 996 2034 licet
1007 1981 1097 2046 varia,
1114 1981 1150 2034 ab

86 2079 146 2119 uno
157 2071 251 2116 tamen
262 2063 338 2116 lonte
350 2068 480 2128 manant,
495 2063 575 2130 quasi
595 2065 691 2117 dicens
704 2081 711 2116 ε
724 2066 778 2118 Gur
790 2063 931 2117 dissidetis
943 2064 980 2117 ob
996 2077 1028 2116 ea
1041 2077 1104 2131 quae
1115 2064 1150 2116 ab

86 2150 195 2204 unitate
213 2148 377 2215 profluunt?

122 2234 195 2285 ilinc
207 2232 234 2299 i.
248 2234 274 2283 i.
285 2231 383 2284 asserit
399 2226 476 2298 quod
488 2231 523 2284 ad
531 2244 709 2283 communem
719 2229 865 2284 utilitatem
874 2230 993 2297 dantur;
1008 2226 1088 2300 quasi
1105 2234 1150 2295 di-
1230 2243 1236 2252 “

86 2329 156 2369 ccus
170 2317 241 2369 :Gur
250 2328 316 2381 ergo
328 2329 360 2367 ea
372 2314 506 2368 habentes
518 2313 688 2368 elleruntur?
700 2313 768 2379 ipsis
780 2313 869 2379 enim,
881 2328 939 2366 non
951 2321 1065 2381 propter
1074 2316 1150 2382 ipsos

87 2399 191 2473 dantur
202 2413 210 2450 r
223 2410 273 2449 cur
286 2411 342 2450 non
353 2397 504 2462 babentes,
516 2397 652 2462 invident,
668 2395 732 2449 cbm
747 2401 861 2464 propter
870 2397 1003 2463 ipsosmet
1016 2397 1077 2450 aliis
1087 2399 1150 2451 data

88 2480 169 2534 sint?

123 2563 194 2616 llinc
207 2564 234 2631 ir.
248 2567 279 2627 8,
292 2566 321 2628 9,
335 2567 380 2616 10.
395 2563 563 2616 enumeratis
581 2562 711 2616 omnibus
722 2561 950 2626 charismatibus,
964 2569 992 2615 et
1008 2564 1037 2614 in
1049 2577 1150 2616 novem
1197 2541 1206 2555 ’

87 2660 191 2715 genera
203 2646 373 2717 distributis,
387 2647 479 2699 statim
489 2646 516 2713 it.
528 2649 573 2697 ll.
585 2644 662 2696 addit
671 2644 748 2712 quod
757 2650 784 2696 et
794 2644 865 2696 inira
875 2645 948 2709 saepe
957 2645 1072 2710 repetit,
1084 2646 1150 2711 quia

87 2730 279 2784 necessarium
291 2729 397 2782 adhaec
412 2727 616 2781 Corinthiorum
629 2726 753 2779 sananda
765 2726 842 2779 vitia.

123 2813 232 2866 Abuno
242 2818 270 2865 et
281 2812 379 2865 eodem
393 2816 458 2864 sunt
468 2810 565 2876 spiritu
581 2828 588 2863 :
605 2823 655 2862 cur
672 2823 738 2876 ergo
749 2809 786 2862 ob
800 2822 832 2861 ea
842 2807 999 2876 dissidetis?
1008 2808 1069 2862 baec
1076 2810 1150 2862 Deus

88 2897 135 2950 dat
147 2911 200 2964 pro
212 2910 264 2949 suo
272 2895 446 2963 beneplacito
456 2910 463 2959 ;
474 2908 524 2946 cur
532 2907 599 2960 ergo
609 2897 656 2945 aut
671 2891 829 2956 efferimini,
841 2899 889 2944 aut
900 2890 1153 2945 invidetisinonne

87 2995 206 3034 suorum
216 2993 364 3032 munerum
375 2977 509 3030 Dominus
519 2975 661 3028 estDcus?
701 3027 709 3039 ,
1011 3014 1014 3022 .

121 3064 194 3117 llinc
206 3063 233 3130 i.
249 3065 294 3115 lb.
305 3061 414 3129 egregia
426 3060 555 3112 Ecclesiae
567 3057 738 3124 comparatio
748 3070 811 3109 cum
822 3056 946 3108 humano
956 3070 1086 3122 corpore;
1100 3063 1148 3123 ut,

87 3147 165 3202 omni
177 3144 323 3213 superbia,
343 3142 457 3206 invidia,
470 3142 587 3195 dissidio
604 3141 767 3203 destructis,
783 3139 891 3190 cunctis
909 3139 1039 3191 Ecclesiae
1057 3140 1151 3193 Corin·
1173 3178 1177 3210 ,

87 3232 153 3284 thiae
172 3229 315 3292 fidelibus,
336 3229 411 3280 velut
433 3225 558 3292 ejusdem
575 3223 701 3289 corporis
721 3221 872 3285 membris,
894 3235 1008 3288 pacem,
1029 3236 1151 3276 concor·

88 3315 177 3377 diam,
198 3318 327 3364 mutuum
339 3323 478 3372 amorem,
501 3315 527 3361 et
542 3306 664 3359 studium
678 3304 730 3357 sibi
742 3302 861 3358 invicem
872 3304 1011 3359 serviendi
1022 3305 1148 3373 inspiret.

122 3399 229 3450 caetera
241 3390 388 3461 specialibs
401 3391 430 3444 in
443 3387 646 3445 Commentario
661 3387 732 3441 vide.
