2520 4440
100 285 135 337 78
394 276 595 333 EPISTOLAE
614 267 866 329 tudertinos

128 378 213 438 Neque
230 373 290 425 verb
305 372 447 438 periculum
462 376 516 433 est,
529 383 563 422 ua
581 382 642 430 vos,
661 370 697 418 sic
754 370 799 419 li.
824 365 973 417 Peccatum
991 353 1153 413 enimvobis

99 445 145 496 sub
156 445 206 495 Deo
217 448 357 507 pugnantes
366 480 373 504 ,
382 447 516 506 peccatum
529 439 641 490 retrahat
651 437 698 487 sub
720 440 980 497 n0n⁴d0minabimp
996 453 1004 490 :
1018 433 1153 488 nonenim

99 524 175 561 suum
191 511 348 571 dominium,
362 515 388 561 et
398 523 471 560 suam
488 512 514 558 ln
525 521 570 559 vos
580 509 698 570 tyranni·
722 516 932 590 sublegeegqss,
944 509 1152 578 gedguhgraiia.

99 578 158 628 dem
170 582 296 640 exerceat;
309 581 443 628 nonenim
455 577 566 641 amplius
581 580 639 628 estis
653 576 699 626 sub

99 647 152 710 iege
162 647 283 710 llosalea,
295 649 338 698 ubi
351 653 484 711 peccatum
493 651 551 709 iure
562 649 634 710 quasi
645 647 699 696 lrae-

100 717 218 766 reditario
237 719 369 779 regnabat,
388 718 431 766 sed
445 719 505 766 estis
522 717 569 765 snb
587 716 699 765 dominio

100 787 203 846 Christi,
212 787 254 836 ubi
264 787 377 837 abundat
385 789 478 848 gratia,
487 788 512 834 et
523 785 567 834 ubi
577 783 662 834 ildelcs
672 786 698 834 in

100 869 187 906 veram
199 855 341 906 libertatem
355 856 437 905 vocati
452 857 520 904 sunt.
1079 906 1086 921 ⁸

131 925 179 974 Sed
191 924 285 983 erbis,
299 935 356 985 quae
369 923 442 983 dico,
455 935 490 971 an
506 925 618 983 sequitur
633 923 700 985 quod
757 921 803 971 15.
815 915 962 981 Quidergo
971 909 1152 978 peccabimus,

101 995 200 1043 inimici
216 991 346 1050 Evangelii
362 1004 408 1039 nos
421 991 511 1039 docere
525 989 631 1040 dicunt?
643 996 701 1053 pec-
724 995 920 1063 quoniamnon
926 1001 1026 1043 sumus
1032 985 1084 1038 sub
1091 984 1152 1057 lege,

102 1073 205 1121 cemus,
219 1061 340 1120 quoniam
355 1059 370 1107 ai
388 1057 441 1119 lege
456 1057 528 1107 liberi
538 1094 545 1118 ,
557 1060 605 1107 sub
623 1058 701 1120 gratia
724 1072 775 1127 sed
789 1071 842 1125 gub
853 1065 962 1137 grafia?
971 1060 1061 1118 absit:

102 1124 284 1188 sumus;longe
293 1127 417 1174 absittam
426 1127 504 1187 impia
513 1127 700 1186 consequentia.
781 1163 786 1169 .
902 1143 908 1155 -
1112 1145 1117 1151 -

102 1191 221 1253 Quinimb
231 1191 293 1242 hinc
306 1194 436 1254 sequitur,
447 1191 515 1254 quod
526 1198 607 1254 magis
618 1193 633 1241 a
643 1204 703 1254 pec-

103 1265 160 1313 cato
175 1263 209 1311 sit
220 1263 416 1324 abstinendum
428 1264 488 1324 quia
499 1266 588 1323 sponte
598 1266 702 1325 peccato

103 1333 319 1392 renuntiavimus,
338 1334 480 1392 utiustitiae
491 1333 639 1382 serviamus.
1086 1369 1097 1393 -,
1139 1379 1154 1390 ,,

134 1400 183 1450 Vos
198 1403 283 1462 scitis,
296 1400 363 1462 quod
379 1402 421 1450 cui
434 1414 479 1450 vos
494 1401 559 1451 datis
574 1414 657 1452 servos
671 1402 702 1451 ad
759 1394 805 1446 ib.
826 1388 944 1445 Nescitis
961 1383 1102 1461 *quoniam
1118 1394 1154 1434 011¹

104 1470 366 1531 obediendumhujus
376 1473 585 1521 estisserrhsivs
595 1475 702 1534 peccati,
725 1469 862 1523 exhibetis
878 1480 929 1519 vos
941 1458 1088 1517 servosiid
1098 1456 1155 1541 obe-¹

104 1543 135 1589 ut
144 1551 189 1602 pro
200 1539 314 1590 mercede
324 1542 432 1588 mortem
443 1539 556 1589 babeatis
567 1543 702 1603 eternam,
726 1545 873 1608 mendum,
883 1541 957 1596 servi
965 1538 1034 1593 estis
1043 1534 1155 1602 ejurato

105 1611 158 1658 sive
169 1607 277 1668 Christi,
290 1611 319 1656 ut
333 1620 379 1669 pro
390 1608 505 1657 mercede
520 1611 645 1669 justitiam
655 1610 703 1659 ha·
726 1615 1046 1686 obeffifis.sivep000afi
1055 1613 1156 1666 ΜΝ.

105 1677 185 1727 beatis
196 1679 221 1725 et
233 1675 345 1725 fructum
356 1675 438 1737 illius,
450 1677 530 1725 sitam
541 1681 672 1727 aeternam.
726 1711 798 1765 tem,
813 1662 870 1755 εἶξε
882 1693 1054 1753 obeditionis
1065 1688 1156 1757 adjus.

726 1778 840 1834 titiam?
873 1788 877 1796 ’

272 1882 274 1887 .
468 1882 471 1887 .

107 1973 214 2021 mortuis
233 1969 439 2030 redivivi,vitam
459 1981 519 2018 eum
532 1966 632 2020 Christo
648 1968 741 2016 vivunt
757 1977 851 2015 novam
862 1966 889 2013 et
904 1957 1076 2024 spiritualem.
1086 1955 1159 2014 daque

106 2040 157 2089 Deo
171 2036 267 2091 obedite
280 2041 305 2087 et
318 2039 422 2097 servite,
433 2039 478 2098 qui
490 2049 535 2085 vos
545 2036 560 2084 a
571 2037 680 2085 mortuis
693 2047 753 2084 cum
766 2034 866 2083 Christo
877 2030 1023 2081 suscitavit.
1058 2052 1061 2057 ·
1143 2091 1148 2102 .

137 2109 199 2158 Nota
212 2108 310 2170 toquod
322 2107 435 2158 membra
447 2109 532 2155 nostra
545 2108 597 2155 sint
609 2106 681 2166 quasi
695 2116 766 2152 arma
777 2101 862 2152 media
878 2102 946 2149 inter
956 2099 1081 2147 virtutem
1095 2095 1119 2142 et
1127 2103 1159 2151 vr·

107 2181 173 2228 tium
179 2197 187 2239 ;
201 2179 267 2226 sieut
280 2178 346 2225 ensis
359 2174 435 2225 militi
446 2176 645 2225 instrumentum
657 2176 751 2237 estpro
762 2171 876 2232 civibus3
886 2166 1002 2233 pradoni
1011 2162 1074 2217 verb
1085 2162 1160 2212 contra

109 2249 184 2297 cives.
191 2245 281 2306 Chrys.
294 2241 432 2305 Theopbyl.
708 2244 713 2249 ·
1097 2268 1101 2273 .
1147 2288 1150 2293 ,

138 2316 201 2364 Nota
212 2315 238 2361 20
248 2310 316 2374 quod
329 2314 431 2372 peceato
446 2312 607 2370 resistentes,
620 2311 725 2371 justitiae
744 2308 899 2367 servientes,
912 2305 964 2356 lieo
977 2303 1129 2360 militamus,
1142 2301 1161 2348 et

109 2384 165 2437 ided
175 2385 255 2432 beum
267 2379 389 2430 habemus
399 2379 490 2428 ducem
501 2383 526 2428 et
534 2379 675 2440 adjutorem
687 2399 694 2428 ι
706 2379 800 2439 Deum,
811 2379 931 2437 iuquam,
943 2375 1051 2436 quinos
1062 2384 1093 2437 ex
1103 2380 1161 2418 mor·

109 2456 162 2502 tuis
175 2450 235 2500 iecit
245 2448 370 2498 redivivos
383 2464 389 2495 i
402 2449 473 2508 quasi
488 2446 582 2496 diceret
596 2447 650 2496 :Ne
663 2448 791 2508 paveatis,
803 2445 847 2495 sed
857 2443 955 2495 alacres
976 2444 1003 2491 et
1020 2439 1130 2502 generosi
1143 2437 1162 2484 et

110 2520 225 2581 beneficii
240 2527 380 2577 memores,
393 2515 441 2566 sub
453 2515 504 2566 lieo
514 2514 579 2566 duce
591 2519 618 2567 et
627 2515 787 2567 benefactore
799 2516 959 2576 vestrospro
970 2512 1072 2574 justitia
1088 2509 1162 2558 conus

110 2591 242 2654 peccatum
255 2589 372 2650 pugnate.
460 2629 464 2633 .
731 2612 734 2617 ·
952 2598 956 2603 >
1053 2608 1056 2613 -

143 2675 181 2721 tl.
190 2673 324 2720 Peccatum
339 2669 485 2718 enimvobis
500 2683 551 2719 eoo
565 2669 747 2720 dominabitur.
757 2667 872 2719 Ostendit
886 2667 1001 2717 victorie
1013 2662 1162 2740 facilitatem,

113 2745 138 2790 et
147 2741 224 2800 hujus
240 2738 365 2787 facilitatis
378 2736 421 2786 dat
431 2740 554 2788 rationem
562 2759 571 2800 ς
582 2742 653 2801 quasi
668 2739 778 2788 diceret:
792 2738 847 2790 lion
861 2739 899 2786 est
918 2735 1066 2797 periculum
1078 2743 1125 2791 no,
1135 2739 1163 2778 sto

113 2809 159 2857 sub
170 2808 220 2857 lieo
230 2809 370 2868 pugnantes
378 2841 385 2864 ,
393 2809 525 2867 peccatum
535 2821 608 2858 suam
618 2810 645 2857 in
656 2820 700 2856 vos
714 2810 828 2858 exerceat
837 2805 1002 2868 tyrannidem
1011 2840 1018 2865 ,
1027 2804 1090 2853 etin
1100 2808 1163 2851 susm

112 2872 224 2925 retrabat
239 2874 380 2925 dominium
392 2892 399 2922 ι
414 2886 466 2922 non
481 2875 550 2922 enim
561 2876 620 2924 estis
636 2874 744 2936 amplius
755 2874 803 2925 sub
814 2874 867 2935 lege
877 2873 1004 2934 Massica,
1016 2883 1074 2934 quse
1085 2877 1164 2934 pecca·

115 2948 171 2992 tum
190 2942 292 3003 quidem
307 2942 468 3003 ostendebat;
482 2943 526 2992 sed
541 2945 608 3009 vires
618 2956 671 2992 non
689 2943 764 2992 dabat
774 2943 807 2992 ad
823 2942 887 2993 illud
903 2942 1082 3001 viucendum,
1097 2941 1121 2988 et
1130 2926 1163 2987 ab¹

115 3014 295 3072 consequenter
311 3014 443 3072 peceatum
459 3014 516 3071 jure
528 3013 599 3072 quasi
610 3011 769 3061 hereditario
785 3013 906 3073 regnabat
918 3011 980 3061 :sed
993 3013 1056 3061 estis
1070 3008 1116 3061 sub
1129 3005 1164 3055 dir

115 3083 195 3129 minio
209 3079 317 3139 Christi,
331 3079 375 3128 ubi
389 3080 501 3129 abundat
512 3083 604 3144 gratia,
614 3085 638 3129 ct
651 3081 694 3129 ubi
707 3080 793 3130 ildeles
804 3093 856 3131 non
870 3083 921 3130 nisi
932 3079 1050 3131 volentes
1061 3077 1164 3142 peccam·

148 3168 185 3215 ib.
203 3168 268 3225 Quid
279 3180 339 3228 ergo
349 3167 519 3228 peccabimus,
531 3168 651 3228 quaedem
661 3181 710 3216 ece
725 3171 864 3217 semesi...
873 3168 911 3217 Er
923 3167 973 3217 hac
988 3167 1106 3217 libertate
1117 3168 1164 3226 g'rt·

115 3238 157 3284 tie
170 3235 255 3296 obiicit
269 3237 333 3296 sibl,
352 3235 419 3296 quod
437 3238 491 3295 ejus
506 3229 642 3285 adversarii
656 3239 740 3299 ipsum
749 3233 1004 3293 »docere'dicebantr
1021 3237 1163 3288 peccemus.

115 3307 184 3354 vitiis
197 3304 369 3366 indulgeamus
378 3305 406 3365 ,d
418 3303 470 3364 lege
482 3304 570 3365 liberi,
580 3305 627 3355 sub
638 3306 718 3369 gratia
728 3318 827 3356 sumus.
837 3307 1073 3369 superabundavit,
1082 3308 1128 3354 etc.
1136 3303 1165 3349 esi

116 3376 192 3434 igitur
211 3376 329 3424 instantia
343 3374 490 3434 objectionis
508 3375 580 3423 initio
593 3387 649 3437 cap.
667 3374 740 3424 lacte
753 3387 760 3423 ε
772 3388 805 3424 an
822 3378 945 3437 praetextu
958 3377 1062 3437 mum,
1074 3369 1165 3423 libonis

116 3445 292 3503 peccabimus?
302 3444 382 3502 absit,
392 3441 560 3505 respondet-1⁰
571 3443 638 3493 banc
649 3444 813 3505 instantiam,
825 3447 854 3494 ut
868 3443 1013 3494 absurdam
1020 3449 1047 3494 et
1057 3444 1164 3506 impiam,

116 3517 243 3561 aversatus
255 3515 279 3560 et
290 3513 414 3571 rejiciens.

150 3596 187 3642 iti.
197 3594 297 3643 Nescitis
316 3594 435 3654 quoniam
446 3594 489 3643 cet
503 3593 620 3643 mititem
633 3606 678 3643 sos
695 3607 787 3645 smus.
798 3593 943 3658 Respondet
957 3596 987 3644 2⁰
1002 3593 1070 3645 neri
1080 3593 1164 3644 redono

117 3656 224 3722 probans
242 3661 399 3722 christiano,
411 3675 462 3711 non
472 3662 546 3712 modo
564 3662 720 3725 peccandum
733 3676 785 3714 non
796 3677 866 3726 esse,
877 3664 921 3714 sed
933 3664 986 3714 Deo
999 3663 1106 3714 ildeliter
1120 3671 1164 3711 scr·

118 3726 253 3788 siendum
266 3732 326 3789 quia
338 3730 388 3778 lieo
401 3743 447 3780 nos
460 3730 526 3780 ultrb
541 3744 625 3781 servos
638 3731 754 3781 dedimus
774 3734 802 3781 ln
820 3733 947 3796 baptismo
969 3751 976 3781 ε
992 3745 1028 3783 an
1041 3731 1163 3794 ignoratis»

118 3795 184 3858 quod
195 3797 236 3845 cui
248 3808 292 3846 vos
301 3799 395 3848 otlertis
405 3812 489 3849 servos
500 3800 532 3849 ad
542 3800 724 3861 obediendum,
735 3801 812 3862 huius
820 3815 866 3852 vos
876 3805 938 3852 estis
952 3803 1042 3852 servit

151 3865 207 3937 Siue
220 3866 312 3925 peceati
323 3868 357 3916 ad
370 3873 487 3929 mortem
501 3869 527 3917 id
541 3872 592 3930 est,
603 3871 656 3919 sive
669 3871 734 3920 servi
747 3873 864 3934 peceati,
878 3874 908 3921 ut
920 3882 968 3935 pro
978 3869 1095 3923 mercede
1104 3875 1163 3918 mor·

120 3935 172 3982 tom
181 3934 307 3994 recipiatis
317 3938 437 3986 eternam
445 3937 613 4000 scriptuarum
621 3939 687 3988 euim
696 3940 792 4002 peceati
799 3941 882 3994 more.
891 3953 920 3992 n.
931 3943 973 3994 23.
1044 3938 1050 3950 “
