2520 4440
106 256 140 309 ec
398 249 599 305 sersronn
619 250 666 301 in
683 232 881 300 uestinos

97 349 211 412 prodicta
225 349 311 397 autem
324 345 419 409 exlege
437 350 498 397 sunt
514 346 663 407 desumpta,
675 346 700 392 et
722 343 849 397 ditusdot
857 338 950 394 omnis
959 335 1164 391 mundusheo:

97 417 153 466 huc
163 415 220 465 ideb
231 415 303 464 robis
316 416 464 477 exprobrat,
474 420 502 465 ut
513 414 632 465 omnibus
645 424 701 460 om-

98 485 162 536 nino
173 484 322 534 hominibus
333 496 360 532 os
371 484 516 532 obstruatur
533 503 540 532 r
555 481 641 531 nullus
651 493 700 528 eu·

99 557 159 605 deat
172 568 199 604 sc
215 554 307 614 ubsque
320 557 422 614 peceato
435 552 616 614 essegloriari;
632 548 700 598 sede

99 617 700 683 contrdomnesomnindsciantetcondteantur

98 688 411 752 sebeoiudieiobnorios
425 701 487 739 esse.
982 697 986 704 ¹
1050 743 1055 748 ⁵
1149 744 1156 758 ·

130 757 337 821 Quandoquidem
353 770 400 806 nec
418 751 459 806 ier
476 757 585 806 Mosaics
601 754 700 804 littera·
757 752 802 803 20.
816 749 885 811 Quia
901 748 935 802 ei
955 742 1095 815 dperibus
1102 745 1170 814 legis

99 826 157 876 liter
168 826 312 885 observata,
322 836 475 887 quemquam
486 824 633 875 mortalium
642 821 700 872 vere
723 825 780 882 non
790 825 990 895 justificabitur
1001 823 1101 877 omnis
1109 835 1170 875 cam

100 899 125 944 et
136 908 222 946 corum
230 894 281 943 Dos
289 894 376 943 reddet
385 907 497 955 unquam
506 893 700 953 iustum3quiu,
723 921 817 961 coram
837 905 896 957 5110⁸
909 905 963 955 per
983 902 1081 969 legem
1096 898 1171 952 enim

100 977 145 1027 per
156 964 237 1024 legem
255 964 329 1012 datur
344 963 447 1024 quidem
464 963 574 1024 cognitio
588 962 700 1023 peccati;

100 1034 146 1084 sed
160 1046 211 1082 non
229 1033 305 1081 datur
319 1032 460 1082 remedium
471 1031 583 1096 peccati,
596 1030 647 1078 nisi
658 1041 701 1078 re·

101 1107 220 1154 curratur
232 1103 264 1152 ad
276 1102 416 1153 Christum.

100 1196 1170 1225 un——t-——Wffl

102 1280 162 1341 quia
180 1279 238 1341 Del,
256 1274 365 1341 quidde
383 1278 540 1341 infidelibus,
557 1279 601 1340 qut
619 1278 729 1340 peccatis
742 1277 768 1324 et
784 1272 961 1336 impietatibus
982 1272 1061 1320 erant
1074 1268 1173 1318 obrutit

133 1347 226 1397 Omnes
240 1346 298 1410 ergo
309 1361 411 1410 prorsus
421 1349 538 1396 homines
550 1347 641 1396 sileant
651 1383 657 1406 ,
667 1350 692 1394 et
705 1357 781 1394 nemo
792 1343 913 1404 glorietur
922 1354 950 1389 se
961 1341 1062 1401 absque
1073 1342 1173 1409 peccato

103 1428 157 1467 esse
169 1427 179 1466 ε·
189 1418 233 1466 sed
247 1417 359 1466 econtrd
369 1454 377 1477 ,
389 1429 476 1467 omnes
489 1416 594 1466 omuino
607 1416 724 1465 homines
741 1415 824 1463 sciant
841 1424 868 1461 se
883 1411 934 1460 beo
946 1408 1034 1471 iudici
1050 1408 1173 1458 'obnoxios

103 1498 157 1534 osse
169 1485 202 1534 ad
214 1488 322 1534 mortem
338 1488 467 1534 eternam.

136 1552 257 1603 Subditum
263 1570 274 1614 5
282 1552 325 1602 Gr.
335 1551 453 1611 caederem
463 1553 489 1603 id
498 1557 535 1602 est
544 1591 551 1613 ,
560 1546 636 1612 reus',
645 1553 816 1614 obnoxiusque
825 1589 831 1612 ,
841 1550 883 1600 ille
892 1547 996 1613 proprie
1008 1547 1108 1602 dieitur
1116 1582 1124 1606 ,
1133 1547 1172 1608 qui

103 1623 152 1670 sibl
169 1624 221 1684 ipse
235 1621 267 1670 ad
283 1621 454 1673 defensionem
470 1623 576 1687 minime
592 1623 706 1673 sufficere
722 1623 781 1672 cdm
795 1623 889 1686 possit,
901 1619 1016 1668 alterins
1039 1617 1173 1680 patrocinii

104 1702 151 1752 ope
166 1691 273 1757 indiget,
285 1693 321 1740 ait
333 1691 362 1739 b.
375 1691 463 1754 Chrys.
475 1692 533 1741 talis
545 1697 598 1740 erat
611 1691 722 1745 conditio
734 1696 829 1740 nostra.
843 1690 922 1739 idem.
1109 1688 1113 1694 '

134 1758 270 1810 Universus
282 1764 366 1822 itaque
379 1762 490 1811 mundus
500 1775 574 1811 reum
588 1774 614 1811 se
626 1761 746 1822 intentur,
758 1761 888 1810 subditum
902 1761 1008 1809 aterum
1020 1758 1173 1809 condemna·

103 1832 183 1891 tioni,
194 1831 334 1882 debitorem
345 1845 491 1894 poenarum,
503 1832 595 1881 divinae
604 1833 722 1881 vindictae
732 1832 867 1881 obnoxium
877 1851 885 1891 3
897 1834 923 1879 et
934 1832 962 1879 iu
974 1830 1034 1879 huc
1040 1829 1127 1881 reatus
1138 1831 1173 1877 sui

104 1898 276 1962 consessione,
286 1913 339 1950 sese
350 1901 400 1949 lieo
412 1905 437 1951 et
446 1902 544 1952 Christo
557 1903 611 1961 ejus
620 1903 750 1962 subjiciat,
760 1903 864 1962 eiusque
874 1901 964 1962 qratiae
979 1898 1112 1948 auxilium
1127 1900 1172 1948 im·

104 1969 201 2031 ploret,
211 1973 233 2021 si
242 1971 376 2042 justificari
389 1975 414 2023 et
426 1971 517 2022 sulvnri
527 1973 644 2022 voluerit.

135 2059 176 2108 ²0.
187 2058 253 2118 Quia
264 2072 293 2108 ec
306 2060 424 2122 operibus
432 2056 500 2122 seps.
510 2060 565 2124 Syr.
573 2060 777 2124 quandoquidem
790 2072 838 2109 nec
850 2057 891 2108 lex
903 2062 1030 2120 mosaica,
1041 2071 1092 2110 nee
1103 2061 1172 2122 opert

105 2123 181 2186 legis,
194 2125 348 2191 quemquam
365 2130 511 2179 mortalium
530 2132 588 2180 rere
609 2135 634 2179 et
648 2126 733 2178 coram
748 2130 798 2178 lieo
821 2128 909 2177 reddet
929 2141 1049 2188 unquam
1068 2131 1172 2189 justum

105 2195 157 2242 Per
171 2195 247 2257 leqem
258 2199 323 2246 enim
332 2199 438 2259 capnitis
450 2200 544 2260 peccati
551 2216 560 2259 ,·
571 2199 597 2246 id
610 2203 662 2259 est,
672 2198 756 2246 datur.
773 2197 850 2249 Docet
863 2195 925 2258 quid
937 2195 1091 2245 iaciendum
1101 2195 1173 2258 ,quid

106 2262 269 2325 fugiendum,
285 2269 334 2315 etc.
345 2270 373 2313 at
391 2278 442 2329 non
459 2267 502 2315 dat
519 2268 659 2316 remedium
675 2267 785 2324 peccati,
801 2277 845 2306 seu
866 2267 994 2318 gratiam,
1009 2264 1173 2319 quutoiiitur

105 2337 239 2393 peccatum
250 2353 256 2376 2
266 2335 334 2378 huno
348 2335 415 2378 sotus
429 2336 542 2379 christus
553 2337 609 2390 uam
621 2330 654 2379 ad
667 2341 727 2378 eum
740 2326 798 2389 orgb
814 2325 958 2376 necessarie
970 2329 1172 2393 recurrendum,

107 2397 211 2456 ejusque
220 2398 313 2457 iugiter
329 2396 516 2457 implorandum
529 2396 661 2446 auxilium.
1045 2399 1047 2403 ’

136 2462 169 2512 Et
179 2464 233 2514 haec
244 2469 281 2514 est
288 2465 416 2515 conclusio
427 2461 595 2527 erhucusquc
607 2467 681 2516 dictis
694 2465 858 2526 deducenda}
872 2476 921 2514 nec
932 2464 1115 2529 philosophia,
1129 2478 1172 2518 nec

107 2533 149 2582 lex
163 2532 285 2595 llomicu,
304 2534 361 2583 rere
379 2537 476 2595 justum
495 2536 602 2585 reddidit
619 2543 789 2597 quemquam
808 2539 897 2584 omues
920 2535 970 2584 sub
990 2539 1106 2598 peceati·
1116 2543 1172 2600 iugo

108 2601 193 2660 luere,
205 2614 292 2652 omnes
301 2603 402 2652 obnoxii
413 2642 420 2665 ,
433 2616 519 2653 omues
532 2605 626 2654 Christi
637 2618 684 2673 ope
700 2605 849 2664 indigentes.
1080 2610 1085 2617 '

137 2673 208 2722 lianc
217 2675 348 2722 ueritatem
357 2673 475 2733 edoctus,
486 2674 564 2734 eaque
573 2677 673 2735 penitus
687 2674 800 2723 imbutus
811 2677 836 2721 et
847 2676 991 2733 tu,ccruu1
1003 2670 1068 2737 ileo,
1079 2679 1175 2726 matum

109 2746 199 2801 tuum,
215 2740 319 2790 humilis
336 2754 366 2789 ac
379 2742 560 2799 tremebundus
576 2755 697 2803 agnosce,
711 2746 737 2790 et
747 2742 779 2790 ob
792 2754 852 2790 cum
866 2745 1013 2804 prostratus
1031 2749 1059 2793 et
1075 2744 1176 2810 supplex

109 2809 252 2870 trequenter
262 2808 337 2858 odora
348 2809 443 2871 Deum,
459 2824 548 2872 rogans
561 2811 664 2870 obnixe,
675 2815 703 2860 ut
712 2823 756 2872 per
769 2809 863 2858 Christi
879 2808 1021 2861 Salratsris
1034 2815 1077 2862 tui
1089 2816 1176 2863 merite

109 2878 283 2939 lergiotur,ut
302 2877 334 2926 ad
350 2882 512 2939 peccatorum
531 2882 635 2928 tuorum
654 2877 853 2940 indulgentiam,
872 2882 902 2926 et*
913 2877 947 2926 nd
963 2881 1078 2940 gratim
1096 2882 1177 2933 vulcus

110 2958 251 3011 pervenire.

145 3009 254 3061 Υπόδικον
273 3018 314 3076 te,
330 3021 355 3066 et
374 3017 576 3068 condemnationi
596 3018 731 3068 obnoxium
749 3033 874 3082 agnosce,
895 3023 946 3070 nisi
964 3023 1006 3072 tul
1025 3028 1178 3076 misereatur

110 3085 192 3143 licus3
209 3082 276 3132 hanc
290 3084 347 3145 ergd
362 3083 558 3137 misericordiam
573 3088 605 3136 ob
625 3088 754 3137 Christum
771 3094 796 3136 et
811 3101 856 3151 per
878 3089 1013 3142 Christum
1033 3094 1178 3158 frequenter

112 3151 218 3215 implora
228 3150 302 3212 ‚eteb
310 3152 464 3214 frequentius
472 3193 479 3216 ,
488 3156 537 3217 qud
549 3157 711 3219 periculosior
722 3161 747 3206 et
760 3158 899 3218 generalior
910 3163 949 3208 est
959 3163 1078 3215 universi
1090 3164 1178 3216 mundi

112 3235 161 3286 per·
170 3223 399 3283 concupiscentiam
413 3228 549 3287 corruptio.
904 3284 907 3289 ‚
1017 3250 1022 3258 ·

141 3292 558 3354 liuiusconcupiscentiaeaiiectus
568 3296 643 3346 habes
654 3298 681 3344 in
689 3311 717 3346 n.
729 3300 766 3348 10.
779 3301 817 3348 tt.
833 3301 871 3347 te.
884 3304 933 3350 etc.
947 3301 1017 3352 bene
1029 3303 1178 3368 descriptos.

114 3365 139 3410 te
155 3360 201 3408 Per
216 3365 347 3421 peccatum
360 3363 458 3421 iustitid
473 3364 563 3425 spoliat
577 3384 583 3412 ι
598 3379 648 3413 ooo
662 3372 696 3414 est
711 3366 812 3427 iustos}
826 3370 853 3416 2⁰
872 3371 1002 3420 rationem
1019 3372 1180 3437 corrumpti

112 3443 163 3479 noo
177 3440 211 3478 eet
227 3431 377 3492 {omilim
387 3437 412 3481 30
429 3445 472 3481 cor
486 3433 605 3495 depravat
620 3439 646 3483 et
660 3439 751 3484 avertit
764 3438 778 3484 d
791 3436 859 3497 lieo,
875 3440 904 3486 ut
920 3439 953 3486 ud
970 3445 1109 3494 creaturas
1122 3457 1180 3495 eon·

113 3502 195 3548 vertut
208 3516 214 3546 =
229 3510 279 3547 ooo
296 3505 330 3548 est
344 3502 473 3562 requirens
494 3503 574 3551 Deum
585 3524 595 3552 .·
606 3518 688 3552 omnes
705 3505 892 3555 declinaverunt
909 3509 923 3554 a
939 3507 1009 3570 Deo,
1029 3512 1133 3563 seilicet
1151 3509 1180 3562 ad

114 3571 242 3616 creaturas
251 3587 258 3626 ;
268 3569 294 3615 40
305 3569 337 3616 ad
346 3581 420 3618 omne
430 3571 525 3620 bonnm
536 3584 599 3633 opus
608 3572 689 3621 reddit
700 3573 816 3634 inutiles,
824 3576 903 3624 simut
911 3577 1017 3628 inutiles
1028 3579 1095 3642 scoti
1105 3588 1180 3631 suot.-

113 3647 164 3685 ooo
179 3641 213 3683 est
228 3635 272 3696 qui
285 3635 362 3697 faciut
377 3638 483 3696 bonum,
498 3643 543 3687 aut
557 3642 578 3688 si
591 3638 681 3700 iaciat,
697 3641 759 3691 illud
771 3645 912 3704 corrumpit
925 3644 996 3693 maid
1018 3649 1179 3710 intentione,

114 3708 160 3754 aut
175 3706 363 3754 circumstantia
376 3706 418 3753 red
426 3725 434 3765 ;
446 3708 473 3753 ds
486 3713 686 3771 corcorrnptum
697 3724 772 3767 suum
785 3713 811 3761 in
825 3711 939 3772 linguam
951 3713 1081 3765 diffundit
1096 3723 1179 3780 virus,

114 3785 172 3834 quae
184 3773 309 3820 mundum
320 3774 389 3821 brevi
400 3773 478 3834 replet
496 3776 640 3836 iniquitate,
653 3783 738 3839 utpote
749 3792 805 3839 quae
816 3784 853 3828 est
866 3782 1013 3841 iniquitatis
1027 3787 1181 3837 unicersitcs

115 3848 139 3890 et
155 3841 262 3888 muudus
277 3840 420 3901 bajocum,
433 3844 462 3889 ut
476 3845 512 3890 ait
531 3843 560 3893 b.
578 3844 704 3894 lacobus:
720 3848 866 3907 sepulcrum
877 3855 967 3909 poiens
982 3857 1035 3912 est,·
1048 3858 1078 3902 (5⁰
1095 3855 1181 3917 lingua

118 3920 213 3958 veneno
228 3908 319 3960 iniecta
332 3909 360 3960 iit
370 3911 452 3961 omnis
467 3910 517 3963 doli
528 3916 554 3964 et
567 3913 661 3966 iroud'u
672 3916 888 3975 instrumentum,
899 3931 945 3975 per
956 3921 1116 3982 mendacia,
1127 3937 1179 3990 per·

723 985 844 1054 cognitio
856 981 975 1066 peceati.
