2520 4440
357 260 499 318 SCOPUS
518 263 728 331 luctuum,
748 268 803 319 otc.

10 572 14 671 ⁵
131 671 478 804 scores
523 672 1017 817 lucrosis,

283 956 487 1030 OPERISQUE
507 958 619 1020 namo
638 960 686 1018 ET
705 954 872 1020 OOEASIO.

501 1166 651 1176 ——1-.

66 1279 127 1381 Hoc
143 1331 244 1398 opus,
264 1315 351 1404 quod
370 1315 403 1379 in
425 1316 583 1397 publicum
601 1334 685 1379 nunc
702 1315 825 1398 prodit,
849 1318 978 1396 multis,
1001 1316 1027 1379 si
1045 1320 1109 1380 beo

63 1420 160 1499 placet,
182 1421 406 1501 profuturum,
429 1420 470 1483 ad
488 1439 592 1484 meam
612 1422 780 1486 utilitatem
797 1421 971 1503 propriam,
994 1421 1109 1485 mentis

61 1525 190 1589 nimirum
204 1528 238 1588 et
252 1523 357 1587 cordis
370 1524 484 1604 vitam,
502 1525 622 1607 scripsi.

88 1632 204 1712 Duplex
217 1631 324 1709 itaque
341 1631 418 1694 mibi
432 1631 490 1694 luit
503 1631 534 1694 in
549 1632 692 1712 assidua,
709 1650 766 1714 per
781 1633 886 1714 plures
908 1648 1022 1709 annos,
1037 1632 1109 1711 Epi·

59 1737 198 1799 stolarum
210 1735 300 1798 Beati
313 1735 398 1797 Pauli
415 1736 549 1799 lectione
562 1739 596 1800 et
606 1739 674 1818 jugi
687 1737 891 1802 meditatione
910 1754 1039 1818 scopus,
1055 1754 1109 1801 ve-

58 1839 188 1919 ritatem,
203 1839 338 1919 scilicet,
353 1856 438 1919 quae,
454 1857 496 1903 ex
509 1844 544 1903 D.
559 1830 750 1923 Augustino,
769 1842 834 1906 vita
845 1842 960 1905 mentis
975 1844 1044 1917 est,
1059 1841 1109 1903 in-

56 1943 179 2025 dagare,
196 1947 229 2008 et
250 1944 537 2024 charitatemque,
561 1963 603 2008 ex
623 1945 735 2009 eodem
755 1950 905 2023 Bactara,
922 1947 986 2010 vita
1005 1945 1108 2008 cordis

56 2054 110 2129 est,
127 2049 318 2127 accendere,
342 2050 479 2129 nutrire,
494 2067 632 2130 augere,
652 2052 684 2113 et
702 2049 826 2130 revera,
841 2056 905 2113 beo
926 2051 1008 2113 votis
1029 2051 1109 2113 meis

55 2159 223 2233 aunuente,
244 2156 294 2216 tot
315 2156 348 2217 et
366 2156 471 2216 tantos
495 2152 626 2217 effectus
647 2154 811 2233 utriusque
827 2154 970 2235 percepi,
996 2156 1032 2216 ut
1048 2154 1110 2215 boc

55 2273 138 2336 opus,
154 2258 296 2338 quandiu
307 2257 366 2321 luit
377 2257 454 2321 mibi
464 2259 638 2340 proprium,
649 2258 827 2324 vocaverim
840 2258 935 2323 vitam
947 2257 1063 2322 mentis
1076 2260 1109 2320 et

56 2364 158 2426 cordis.

84 2469 167 2531 Illius
178 2470 287 2530 autem
300 2467 456 2531 scribendi
469 2468 537 2530 bec
546 2468 626 2531 ratio
641 2467 700 2530 luit
709 2469 741 2531 et
755 2467 889 2532 occasio.

84 2569 205 2650 Primo,
227 2573 372 2634 sanctum
386 2573 515 2634 Paulum
531 2590 655 2651 semper
676 2573 841 2635 veneratus
859 2587 945 2649 sum,
962 2573 998 2632 ut
1011 2570 1107 2632 totius

57 2679 153 2741 nundi
171 2680 356 2755 beatorem,
376 2677 415 2740 ab
436 2676 505 2757 ipso
525 2677 647 2741 Christo
666 2676 816 2755 Domino,
836 2677 902 2755 jam
919 2675 1056 2756 glorioso
1077 2678 1109 2737 et

57 2780 177 2847 bcoelis
193 2785 366 2862 regnante,
382 2781 547 2861 edoctum,
565 2781 619 2844 bei
633 2781 746 2862 Spiritu
763 2780 920 2859 afflatum,
938 2783 970 2842 et
987 2778 1005 2842 e
1021 2780 1108 2843 coelis

59 2887 86 2950 ad
95 2905 154 2952 nos
169 2886 322 2966 missum,
336 2884 453 2966 quasia
468 2903 526 2948 suo
541 2887 638 2948 latere
651 2886 805 2967 legatum,
823 2884 933 2963 suique
952 2885 1108 2965 Evangelii

60 3007 222 3069 preconem
236 2994 270 3055 et
284 2991 487 3070 interpretem
501 2989 728 3052 fidelissimum.

85 3095 247 3176 Secundo,
263 3097 358 3176 hujus
372 3094 511 3175 Apostoli
525 3094 639 3174 scripta
650 3094 727 3157 milri
738 3093 805 3156 visa
823 3095 897 3156 sunt
912 3092 944 3154 in
955 3093 1106 3169 Ecclesia,

57 3203 132 3281 quasi
144 3205 252 3267 lentes
266 3199 392 3263 luminis
403 3202 435 3262 et
444 3199 524 3280 ignis
538 3215 691 3280 perennes
705 3201 738 3261 et
748 3197 944 3276 inexhausti,
955 3196 1040 3260 unde
1053 3215 1109 3261 ve-

56 3307 118 3371 ritas
141 3310 176 3371 et
196 3322 287 3370 amor
305 3298 522 3367 indesinenter
537 3306 569 3366 et
594 3303 709 3384 ubique
727 3300 920 3383 scaturiunt3
943 3301 1027 3364 unde
1045 3302 1109 3366 vita

55 3414 158 3476 nentis
173 3415 206 3476 et
216 3409 322 3475 cordis
332 3455 340 3488 ,
352 3408 497 3471 omuibus
506 3408 558 3471 illa
570 3407 620 3489 pie
630 3409 864 3487 meditantibus,
876 3407 998 3470 occulta
1007 3407 1108 3470 Sancti

56 3515 176 3597 Spiritus
191 3511 482 3580 subministratione
499 3512 655 3575 tribuitur.

86 3621 161 3684 llinc
180 3618 307 3684 animus
324 3634 413 3680 meus
430 3616 471 3680 ad
489 3616 540 3679 illa
558 3617 682 3680 luminis
701 3619 734 3681 et
753 3616 834 3698 igniis
855 3615 969 3695 scripta
986 3631 1110 3696 semper

55 3720 396 3806 luitpropensissimus3
413 3717 522 3784 verbm
538 3721 578 3783 ad
587 3716 624 3783 ea'
637 3718 740 3799 quiete
754 3720 903 3800 legenda,
918 3718 1108 3800 penetranda

56 3832 82 3892 et
93 3826 268 3910 gustanda,
284 3823 360 3886 mihi
372 3841 436 3886 non
450 3822 580 3886 dabatur
597 3823 694 3885 otium
711 3821 910 3886 conveniens.

87 3933 191 3997 Divina
215 3927 348 3993 tandem
372 3929 496 3993 favente
516 3926 724 4007 providentia,
756 3924 794 3988 ab
816 3924 947 3986 aliorum
970 3923 1044 3981 cura
1065 3904 1108 3979 lui
