2520 4440
342 231 510 285 TRIPLEX
533 233 754 288 expositio.
775 237 853 290 CAP.
876 240 928 290 ix.
1116 239 1165 286 5·st

99 330 236 391 tanquam
250 325 380 391 ludreus,
392 334 424 380 ut
435 329 548 382 ludaeos
571 326 651 375 foetus
668 340 725 375 sum
740 331 863 390 tanquam
877 331 1024 391 judaizans,
1042 332 1070 379 ut
1083 330 1168 389 jadai-

98 402 237 455 iucuarer,
570 398 654 442 zantes
668 392 767 444 Christo
779 395 900 446 lucrarer.

135 481 182 531 21.
197 480 253 545 lis,
267 482 315 547 qul
328 483 380 535 sub
394 484 454 551 lege
465 490 545 547 sunt,
600 480 632 528 lis
641 517 647 539 ,
657 480 700 539 oui
712 478 759 527 sab
771 479 824 541 lege
841 485 952 531 mosaica
970 486 1043 541 sunt,
1056 483 1108 529 sire
1121 480 1168 530 «Ιιι-

100 557 184 623 quasi
203 559 257 610 sub
277 560 337 625 pege
357 565 448 613 essem
462 547 709 627 (ct1m‚tlaels.sli'0
728 546 877 610 l’roselytis,
892 548 972 610 legem
991 551 1167 611 servantibus3

100 637 547 707 ipsenonessemsublege)‚u,
569 614 678 665 similem
709 627 750 663 me
781 617 898 677 exhibui,
927 617 1006 679 lcgcnr
1033 619 1168 668 observans

570 686 641 751 (licet
657 686 748 734 scirem
775 687 804 734 erl
826 700 867 735 mo
889 699 940 735 non
968 686 1120 748 adstringi),
1139 695 1168 737 ut

568 769 611 805 eos
620 753 803 804 lucrifacerem.
815 755 861 816 lis,
876 758 919 817 qui
934 755 1013 817 legem
1027 759 1166 806 mosaicam

379 871 385 883 ,
569 839 620 874 non
634 823 741 881 habent,
753 826 778 871 et
789 836 841 872 non
855 827 969 881 serrant,
990 823 1016 871 id
1032 825 1085 883 est,
1097 825 1166 873 Gen-

99 874 199 932 elam,
215 876 348 936 mquam
363 872 492 937 smelfsse
505 886 546 924 ⁰⁵·
568 893 669 950 tilibus,
684 888 765 938 fartus
782 905 838 939 sum
856 892 928 951 quasi
952 890 1031 951 legem
1048 903 1100 939 non
1120 891 1167 939 ha-

99 960 160 998 sem
174 944 184 1014 (
192 945 257 998 &1⁸1¹ss
277 948 336 1000 Sine
349 949 407 1014 lege
420 949 467 999 Dei
488 963 544 1000 n0n
567 963 646 1021 bcns;
659 958 735 1023 (licet
747 972 831 1009 coram
845 961 894 1009 beo
908 961 963 1008 sine
977 959 1030 1021 lege
1041 973 1093 1009 non
1106 963 1164 1019 sim,

98 1038 193 1076 essem
213 1042 221 1076 ε
239 1026 289 1077 scd
309 1025 338 1077 in
360 1027 420 1092 lege
456 1040 544 1079 essem
567 1033 659 1092 quiippe
671 1032 714 1092 qai
733 1026 826 1078 Christi
842 1029 921 1090 legem
938 1028 1042 1091 servo),
1056 1033 1084 1077 at
1097 1028 1165 1078 Gen-

98 1102 239 1170 Christi),
254 1108 284 1156 ut
294 1104 483 1156 lucrifacerem
496 1099 623 1189 eosllllsss
641 1098 761 1149 lucrarer·

99 1181 150 1247 qui
162 1180 226 1233 sine
236 1180 296 1248 lege
307 1187 395 1233 erant.

132 1258 180 1310 2⁹2.
194 1259 366 1311 Factussum
378 1257 493 1311 infirmis
505 1260 544 1310 in·
596 1262 686 1312 Factus
704 1277 760 1313 sum
776 1261 883 1311 infirmis
901 1260 970 1310 velut
989 1259 1121 1316 infirmus,
1136 1265 1165 1309 ut

99 1336 390 1399 firm113‚ut1nfirmos
403 1338 544 1391 meresape.
566 1345 608 1381 eos
618 1331 793 1382 lucrifacerem
809 1331 917 1379 Christo.
934 1330 988 1379 Uno
1003 1330 1093 1388 rcrbo,
1107 1343 1163 1377 orn-

100 727 167 778 eos,
183 714 231 779 qui
254 715 377 783 sublege
390 722 482 781 erant,
501 719 547 769 lu-

99 788 264 843 crifacerem
274 808 281 844 ε
292 792 341 855 iis,
353 792 401 858 qui
415 793 474 844 sine
487 794 546 860 lege

129 1510 197 1559 Cum
208 1509 301 1559 Judats
309 1509 444 1571 religione,
457 1525 501 1560 seu
510 1511 697 1572 iudaizantibus
708 1553 715 1575 ,
726 1515 807 1564 factus
816 1526 875 1563 eum
883 1517 1005 1574 tanquam
1018 1511 1163 1572 judaizans,

97 1592 143 1629 seu
158 1578 280 1641 religione
298 1579 416 1639 iudeus,
429 1585 456 1628 ut
469 1594 511 1629 eos
522 1581 620 1632 Christo
635 1584 763 1643 lucrarer,
780 1588 805 1632 et
820 1583 902 1632 salros
914 1584 1032 1632 facerem.
1045 1581 1164 1644 Exempla

97 1650 158 1698 ride
172 1648 228 1698 Act.
243 1651 282 1698 tr.
298 1663 324 1697 n.
337 1651 384 1710 24,
397 1652 442 1710 25,
455 1652 500 1710 26,
514 1650 556 1698 ubi
568 1663 639 1701 rasus
651 1657 703 1714 esi,
714 1653 879 1715 purificatus,
893 1657 918 1700 et
933 1663 988 1712 quse
999 1651 1030 1699 ad
1042 1651 1162 1713 purificu-

97 1720 214 1777 tionem,
228 1717 326 1766 obtulit.
1082 1748 1086 1753 -

128 1806 171 1852 tt.
186 1803 223 1850 lie
234 1803 278 1863 qui
290 1802 337 1851 sub
352 1802 403 1864 lege
415 1810 501 1853 sunt...

126 1870 246 1934 Explicat
258 1874 283 1919 et
296 1871 406 1920 extendit
421 1873 504 1934 priora
515 1873 608 1933 verba,
628 1872 768 1935 Proselytos
786 1872 881 1922 addens
900 1885 989 1934 genere
1005 1872 1112 1932 iudaeis,
1128 1876 1161 1922 iis

98 1941 144 2004 qui
159 1946 219 1989 sont
238 1940 286 1989 rab
301 1940 351 2002 lege
365 1940 491 2002 blosalca,
505 1944 558 1991 slve
571 1943 679 2002 luderis,
697 1946 748 1990 sire
762 1942 912 2004 Proselytis,
933 1942 959 1990 id
975 1946 1012 1990 est
1023 1978 1030 2002 ,
1043 1945 1161 1991 omnibus

97 2011 180 2071 legem
194 2009 328 2058 Mosaicum
339 2012 512 2071 servantibus,
525 2013 633 2060 similem
646 2023 687 2059 me
698 2011 815 2071 exhibui,
827 2012 907 2073 legem
919 2013 1031 2070 servari,
1045 2015 1161 2072 quamvis

96 2079 177 2142 probe
192 2079 284 2127 scirem
303 2077 332 2126 eft
348 2090 388 2126 me
404 2092 456 2127 non
474 2079 605 2141 adstringi.

127 2148 230 2210 Legalia
249 2149 378 2208 servabat,
397 2150 440 2198 ubi
461 2149 594 2211 prodesse,
613 2155 638 2199 et
653 2150 768 2213 expedire
784 2150 922 2211 judicabat.
938 2150 1088 2213 Exemplum
1103 2151 1160 2199 ride

97 2218 155 2268 Act.
170 2221 214 2275 16,
230 2221 267 2266 13.
284 2217 328 2265 ubi
339 2217 500 2266 circumcidit
510 2218 688 2279 Timotheum,
701 2221 729 2267 ut
742 2222 864 2268 everteret
874 2221 1110 2280 circumcisionem,
1123 2223 1159 2268 ait

96 2288 176 2338 birus
187 2284 388 2348 Chrysostomus.

129 2363 166 2411 lic
183 2361 228 2423 qui
239 2361 292 2410 siae
309 2359 360 2423 lege
371 2366 457 2411 runt...
474 2361 516 2411 Gr.
538 2360 681 2424 exlegibus,
700 2366 729 2411 ut
749 2360 833 2423 erlem
853 2363 878 2411 id
900 2367 953 2423 est,
970 2366 1000 2413 iis
1020 2367 1063 2425 qui
1080 2364 1159 2425 legem

96 2431 234 2481 bfosaicam
252 2443 302 2479 non
321 2428 430 2490 habent,
443 2443 489 2480 nec
501 2436 615 2492 serrant,
628 2432 717 2492 idest,
731 2433 848 2481 omnibus
859 2431 916 2481 aliis
928 2469 935 2492 ,
948 2437 1016 2481 extra
1026 2434 1124 2482 ludaeos
1135 2442 1160 2483 et

96 2500 256 2562 Proselytos,
270 2499 350 2549 factus
364 2512 421 2548 sum
439 2501 511 2560 quasi
528 2499 608 2561 legem
620 2513 671 2549 non
683 2501 792 2562 habens,
811 2503 843 2549 iis
861 2513 902 2549 me
913 2501 1049 2560 {assimilari
1060 2539 1067 2562 ,
1080 2502 1159 2564 legent

95 2569 233 2618 blosaicem
249 2581 300 2617 non
314 2570 421 2617 servavi.

129 2643 193 2693 Cdm
210 2644 264 2693 sine
284 2643 334 2704 repe
348 2657 398 2692 non
411 2655 493 2691 esserra
506 2642 549 2692 Gr.
561 2656 613 2692 non
627 2645 735 2692 existens
746 2640 815 2691 exlex
827 2642 894 2702 Ileo,
911 2642 955 2691 scd
970 2642 1037 2691 inlex
1050 2644 1158 2692 Christo.

95 2715 149 2763 lloc
164 2712 249 2773 addit,
266 2725 298 2762 ne
316 2714 372 2774 quis
387 2712 453 2761 male
471 2714 648 2773 interpretetur
667 2712 734 2777 qupd
752 2713 815 2783 dixit
825 2719 854 2760 ut
866 2711 948 2767 ealce,
967 2718 1013 2760 τοῖς
1025 2711 1118 2768 ἀνόμοις
1130 2711 1158 2761 ὼς

96 2783 197 2842 ἄνομος,
209 2785 280 2843 quasi
293 2784 377 2832 reveri
389 2795 434 2845 pro
450 2782 523 2830 libitu
535 2785 639 2841 vixerit,
651 2795 695 2831 seu
709 2785 736 2829 ut
749 2783 851 2843 impius.
863 2781 932 2829 Licet
944 2794 1030 2829 coram
1041 2781 1090 2829 Deo
1103 2783 1157 2829 sino

94 2853 149 2914 lege
173 2865 225 2902 non
244 2854 309 2912 sim,
329 2853 421 2914 qnippe
437 2854 480 2912 qui
497 2851 589 2900 Christi
603 2851 682 2912 legem
701 2863 792 2911 servo,
809 2857 838 2898 ot
855 2847 964 2912 releges,
985 2849 1076 2910 idest,
1090 2849 1157 2899 Gen-

93 2924 152 2972 tiles
163 2921 346 2984 lucrifacerem.

125 3008 165 3055 22.
180 3006 273 3054 Factus
283 3017 341 3052 aum
353 3001 471 3065 infirmus
485 3002 635 3065 infirmia...
653 3003 713 3062 ipsis
730 3000 827 3050 scilicet
840 3003 867 3050 in
879 3003 965 3051 animo
985 3005 1156 3065 compatiens,

95 3087 183 3124 eorum
193 3072 311 3123 scandala
322 3073 405 3120 vitans
416 3085 462 3130 ‚ac
473 3076 603 3134 propterca
615 3070 705 3132 legales
718 3070 839 3130 quasdam
849 3071 1018 3121 observantias
1029 3086 1156 3133 exercens,

94 3144 125 3193 eb
144 3142 292 3204 idolothytis
312 3141 455 3200 abstinens,
476 3144 524 3189 otc.

127 3217 250 3268 ommim
266 3216 353 3265 omnic
365 3214 446 3278 foetus
464 3228 551 3264 rum...
567 3215 622 3264 Uno
641 3213 717 3264 verbo
736 3215 854 3264 omnibus
869 3227 911 3263 me
923 3219 1105 3278 attemperarf;
1128 3220 1155 3267 in

94 3301 182 3339 omnes
193 3299 236 3336 me
252 3285 346 3336 formas
358 3286 423 3335 verti
434 3321 441 3345 ,
452 3284 575 3346 quantum
587 3286 711 3346 permittit
721 3282 805 3344 Deus,
819 3289 844 3332 et
859 3287 933 3346 exigit
946 3285 1014 3335 salus
1031 3289 1155 3348 proximi,

94 3358 214 3408 omuibus
229 3369 272 3405 me
283 3355 394 3405 similem
406 3355 543 3415 exhibens,
560 3358 588 3402 ut
599 3366 686 3403 omues
698 3352 779 3402 salvos
791 3353 909 3403 facerem.
1011 3392 1016 3402 .

123 3427 166 3476 Gr.
179 3429 210 3475 ut
218 3423 322 3474 omninb
333 3424 430 3485 aliquos
441 3435 553 3482 servem,
567 3421 634 3482 qaod
643 3422 716 3470 divus
727 3422 932 3484 chrysostomus,
944 3424 1154 3486 Theophylectus,

93 3495 264 3545 'theodoretus
275 3496 393 3552 vertunt,
406 3495 434 3540 ut
442 3504 536 3554 paucos
547 3491 635 3540 saltem
647 3490 744 3552 aliquos
755 3491 863 3541 facerem
876 3491 956 3542 salvos
963 3514 971 3554 t
982 3496 1155 3552 miranturque

93 3565 121 3614 b.
132 3564 205 3614 Pauli
221 3562 321 3620 zelum,
335 3563 380 3623 qui
390 3560 430 3610 rel
442 3564 518 3614 uirtus
534 3561 628 3622 gratita,
641 3572 743 3611 omnem
755 3559 866 3611 laborem
885 3564 1004 3623 suscepit.
1016 3562 1052 3610 lto
1064 3561 1154 3609 diserte

92 3635 274 3685 theodoretus.

121 3705 186 3764 Sed,
200 3701 474 3752 utbenenotatllstlus
484 3737 492 3760 ,
500 3703 571 3761 iuxta
580 3704 690 3749 nostram
700 3699 834 3750 lectionem
844 3739 851 3762 ,
863 3714 940 3763 quam
950 3702 1026 3749 etiam
1041 3701 1153 3759 sequitur

91 3775 187 3836 Syrus,
208 3777 238 3820 ut
256 3784 338 3819 omnes
355 3784 465 3828 servem,
479 3783 530 3818 non
552 3771 634 3818 minor
651 3774 689 3819 est
706 3769 818 3831 Apostoll
832 3770 960 3828 charitas,
978 3770 1021 3828 qui
1036 3769 1153 3816 ornnibus

91 3843 178 3890 omnia
194 3839 278 3888 factus
296 3839 342 3898 sit,
358 3839 473 3886 omnium
487 3837 590 3886 studens
602 3835 697 3897 seluti;
714 3838 802 3896 idest,
817 3839 883 3888 circe
903 3835 1014 3893 singulos
1025 3848 1152 3897 auosque,

90 3909 193 3960 excluso
209 3907 329 3967 nemine,
345 3904 395 3955 hoc
407 3917 500 3966 ageas,
515 3909 542 3954 ut
558 3904 708 3955 salvificat.
