2520 4440
101 198 136 249 ot
393 190 603 246 EPISTOLAE
621 191 671 244 in
688 189 876 249 ROMANOS

101 301 164 341 mea
174 288 228 351 lex,
241 299 286 340 seu
299 286 416 349 rebellio,
426 287 557 349 meqnasl
569 285 699 349 caparrum
721 285 909 352 captivantem
919 296 967 341 ma
979 282 1012 338 ln
1025 285 1087 354 lege
1100 298 1158 353 peo-

101 359 215 421 sibiipsi
234 356 332 438 reddit,
353 355 413 406 crim
432 366 475 406 me
496 356 568 417 cogat
588 354 699 403 inultum
722 363 787 430 0211,
796 361 1157 431 quwrmmsmhrismeis,

101 427 155 541 0113
164 428 347 541 memmae
359 490 500 543 mteitccmi
516 491 574 554 quis
585 464 630 540 me
640 487 701 540 iiie
757 487 802 543 ii.
812 484 909 539 Infelix
921 498 974 553 ego
986 484 1073 537 homo
1084 483 1091 536 i
1103 485 1158 552 quis

101 559 168 610 rabit
180 560 212 610 ah
223 560 271 610 hoc
286 559 416 610 mortlie'ro
430 572 549 623 corpora,
565 562 604 609 tot
615 559 701 621 priuis
724 576 769 617 me
778 561 906 616 liberabit
918 560 954 616 de
964 573 1085 627 corpore
1091 574 1158 616 mor·

100 629 249 747 ἓίέξῗὲιξυε,
262 629 295 680 ed
306 632 415 680 mortem
428 627 647 693 pertrahentibus,
659 625 701 676 ob-
725 641 760 694 213
772 638 873 708 hujus?
1093 635 1096 639 ’

131 774 216 825 Gratia
228 775 272 825 liei
281 787 326 838 per
336 738 427 826 merita
437 774 539 825 Domini
552 774 632 824 nostrl
641 772 700 824 iesu
758 772 803 824 25.
822 769 914 824 Gratia
932 768 981 822 liei
1001 781 1054 836 per
1065 770 1159 823 Jesunt

101 842 203 894 chriso.
723 844 862 899 Ghnstrr‘m
871 845 1157 911 Dominumnostrum.

131 913 210 974 igitur
223 924 269 974 ego
279 915 333 974 ipse
347 911 454 973 Paulus,
468 915 512 975 qui
528 909 605 975 supra
619 924 646 961 n.
662 913 699 962 ti.
724 923 810 991 1310„
826 936 878 991 030
896 923 956 989 ipse
969 927 1067 977 meme
1078 923 1158 978 mo

101 986 188 1033 mente
206 985 232 1030 et
250 981 380 1031 uoluntate
398 985 480 1032 servio
498 982 546 1064 legi
564 981 622 1062 liel;
641 983 700 1042 quia
723 1001 778 1068 1031
795 1001 845 1054 Dei
858 1017 866 1054 ι
880 1012 967 1055 ΜΘ
983 1005 1096 1066 autem,
1111 1000 1157 1069 κεί

103 1050 160 1101 nolo
173 1052 365 1113 concupiscere,
382 1054 408 1100 et
421 1052 632 1115 concupiscentia
644 1062 701 1099 mc-
724 1078 841 1148 peccati·

101 1121 170 1170 tibus
180 1130 233 1170 non
244 1121 373 1170 consentio
380 1139 388 1180 ;
406 1129 483 1170 carne
494 1123 581 1169 autem
597 1130 642 1168 seu
654 1131 701 1182 ap-

102 1192 182 1254 petitu
204 1190 300 1240 carnali
322 1192 403 1241 servio
423 1190 505 1240 fomiti
527 1191 638 1252 pcccati,
655 1201 700 1239 seu

102 1258 417 1321 concupiscentia31psius
430 1261 514 1307 motus
528 1257 660 1306 sentiendo
676 1260 701 1306 et

102 1328 191 1375 contra
205 1323 250 1374 liei
263 1324 343 1387 legem
357 1323 572 1388 concupiscendo,
588 1322 648 1374 licat
659 1325 701 1373 in·

101 1395 177 1442 vitus.
317 1402 321 1407 ·

102 1555 190 1616 pisces.
202 1555 314 1618 intellige
324 1555 487 1607 rebellionem
504 1555 631 1619 appetitas
641 1556 772 1615 sensltlvl,
788 1557 815 1605 et
828 1565 966 1615 sensuum,
985 1566 1017 1606 ac
1029 1556 1152 1620 prasertim

101 1633 191 1673 earum
207 1625 318 1686 partium
331 1636 394 1686 quas
409 1623 491 1686 pudor
502 1635 554 1674 non
565 1626 627 1674 sinit
637 1626 781 1674 nominare.
1067 1634 1070 1641 '

133 1693 637 1757 Legemlleiuoeatlegcmmentissuae=
658 1693 865 1745 obiicienti.
1033 1734 1036 1739 .

133 1765 167 1813 Et
180 1764 344 1825 captivantem
355 1777 409 1821 me,
421 1762 448 1811 id
461 1766 515 1823 est,
527 1775 583 1824 quae
594 1762 696 1813 rebellio
711 1774 753 1813 me
769 1764 880 1826 captivat
894 1765 1008 1814 motione
1018 1801 1026 1826 ,
1038 1776 1089 1816 nun
1100 1776 1150 1816 con·

102 1835 244 1883 tensiones
265 1832 458 1895 calamitosi,
479 1835 575 1884 invitm
593 1830 668 1896 cogo'r
687 1835 791 1884 naues
807 1835 1020 1897 concupiscentie
1039 1836 1149 1898 mutones

103 1903 206 1952 sentire.
750 1922 753 1927 ¹

134 1988 174 2036 at.
189 1985 278 2050 luscius
291 2000 335 2050 epo
356 1983 449 2036 tomo!
471 1986 529 2048 quis
550 1999 590 2037 mc
612 1985 748 2037 innubit?
767 1984 853 2037 Talem
869 1998 900 2036 ac
917 1989 1018 2038 tantam
1037 1990 1147 2040 miserium

103 2055 215 2119 deplorat
232 2053 380 2118 Apostolus,
398 2058 424 2104 et
441 2055 600 2117 exclamans,
614 2058 690 2117 atque
701 2067 803 2118 gemens
813 2057 896 2119 petit:
912 2057 975 2116 Quis
993 2070 1033 2107 mc
1049 2057 1147 2108 literalis

103 2125 199 2245 {ilgxilrgg
214 2123 316 2175 mortali
329 2128 355 2174 et
369 2123 521 2174 moribundo
535 2137 655 2188 corpore,
666 2128 704 2175 tot
718 2125 827 2175 miseriis
840 2127 865 2174 ct
876 2126 962 2188 prauis
975 2125 1103 2176 allecum
1113 2125 1145 2175 oi

133 2279 173 2327 ts.
197 2276 285 2327 θναεία
302 2274 364 2334 Dei,
383 2280 432 2326 ate.
446 2274 588 2339 Respondet
605 2276 672 2337 sihi,
690 2273 758 2338 quid
774 2277 853 2337 gratia
864 2276 924 2338 liei,
937 2289 983 2327 sen
994 2279 1098 2340 gratuita
1112 2277 1142 2326 liei

102 2344 291 2405 misericordia,
303 2345 399 2393 intuitu
414 2344 563 2395 meritorum
574 2345 668 2396 Christi
681 2364 688 2394 ι
701 2344 744 2395 Gr.
756 2349 782 2394 ct
798 2344 876 2408 Syrus
891 2345 1003 2408 habent,
1016 2350 1142 2411 gratiaspo

103 2427 147 2477 per
159 2415 245 2531 lesgm
260 2413 406 2474 Christum,
418 2416 466 2464 etc.
478 2412 546 2476 cuod
557 2413 655 2465 scillcet
663 2414 785 2465 Etenim
795 2425 870 2476 snm,
886 2413 928 2464 rel
940 2416 1026 2479 potins
1035 2415 1098 2480 quoi
1107 2416 1142 2464 rin

102 2483 199 2533 liberan
217 2494 256 2531 us.
511 2494 513 2498 ·

133 2553 215 2615 icitur
232 2565 276 2615 epo
294 2552 348 2615 ipsc
366 2557 445 2602 Μία
461 2553 582 2603 scoto...
598 2554 653 2616 Euo
665 2551 759 2603 Paulus
771 2559 863 2612 mauu,
875 2553 902 2604 id
917 2557 973 2616 eet,
986 2558 1057 2619 perte
1070 2556 1141 2605 anino

101 2625 245 2688 superiore,
257 2623 339 2672 secio
353 2621 402 2684 iaci
414 2622 461 2671 lici
479 2624 658 2685 concupiscere
668 2624 764 2672 vetanti
778 2635 786 2671 r
804 2621 863 2673 nolo
875 2625 947 2674 enim
964 2626 1139 2687 concupiscere:

101 2705 176 2742 eunte
186 2697 286 2750 ouum,
298 2691 326 2740 iu
336 2695 387 2750 est,
396 2696 466 2752 parte
475 2693 568 2740 animm
578 2691 712 2752 inferiore,
723 2691 804 2742 saulo
819 2691 867 2754 lapi
873 2693 971 2754 peccati
980 2713 990 2744 .·
1000 2693 1027 2743 tu
1037 2697 1088 2753 est,
1097 2701 1140 2742 coc

102 2762 264 2826 cupiscentiae
274 2797 281 2820 ,
293 2763 368 2821 cuins
380 2771 454 2822 cogor
464 2763 550 2810 motus
561 2763 656 2811 sentire
666 2764 691 2812 et
701 2763 763 2824 pati.
1054 2790 1057 2794 -

103 2868 273 2920 Corollariam
281 2867 402 2930 macte,
414 2877 458 2918 scu
469 2869 497 2918 iu
513 2868 559 2918 hoc
575 2869 660 2932 Cupite
669 2871 694 2919 7.
708 2869 743 2919 ori
753 2869 870 2932 mecum
880 2868 992 2925 merim
1003 2869 1138 2926 comico

145 2971 149 2975 -
398 2938 426 2986 tu
442 2939 545 3000 prccim
558 2938 703 2989 accuratius
715 2939 858 3002 reciperato.

131 3040 161 3090 in
178 3040 228 3090 hcc
239 3041 322 3101 capite
335 3040 366 3090 n.
379 3039 489 3102 Panos,
508 3044 537 3090 at
555 3043 638 3104 pictor
652 3039 895 3104 excellentissimus,
908 3041 1041 3093 hominem
1050 3039 1137 3106 depicti

100 3110 282 3161 Christianum.

131 3181 161 3230 in
177 3179 320 3230 christiano
338 3180 411 3242 qnasi
428 3180 520 3244 ‹inplex
538 3184 576 3231 est
588 3180 664 3232 homo
682 3182 779 3232 rhomo
796 3181 920 3243 interior,
933 3181 1014 3233 homo
1032 3182 1135 3233 extensi:

100 3249 177 3299 homo
190 3248 344 3312 spiritualis,
358 3248 436 3299 homo
451 3249 561 3300 carnalis
574 3269 582 3300 ε
594 3250 671 3300 homo
684 3255 772 3312 vetus,
793 3251 870 3302 horno
886 3264 977 3302 nouus.

131 3319 161 3368 in
176 3318 318 3368 Christiane
337 3318 453 3368 caristus
470 3319 568 3369 habiat
584 3331 629 3382 per
641 3319 736 3383 tidem,
753 3324 779 3371 et
795 3322 823 3371 in
837 3332 867 3372 eo
878 3331 923 3384 per
935 3319 1029 3383 tidem,
1040 3324 1139 3378 euentus

100 3389 221 3450 gratiam,
235 3388 331 3437 bonum
344 3387 414 3438 iacit.

130 3457 160 3506 in
183 3456 271 3507 eodem
292 3456 436 3508 Christiano
449 3457 547 3509 habiat
558 3461 631 3508 uetus
644 3458 737 3522 homo,
755 3460 832 3510 homo
853 3462 967 3523 peecat13
989 3460 1095 3521 habitu,
1108 3459 1139 3506 ia*

100 3538 195 3588 quarn,
210 3539 255 3589 per
267 3529 515 3589 concupiscentiam,
526 3526 622 3589 satque
634 3528 729 3579 carnali
744 3528 890 3590 voluntate,
910 3529 1007 3580 malum
1019 3533 1077 3592 agit.

129 3595 200 3646 linus
216 3595 320 3658 cuidem
336 3600 361 3646 et
382 3597 451 3647 item
466 3599 504 3646 est
515 3595 612 3657 homo;
628 3596 673 3646 sed
689 3600 733 3659 qui
748 3598 842 3648 (licitur
862 3599 985 3660 interior,
1005 3593 1140 3667 spiritualt3

101 3675 195 3723 novus,
207 3666 327 3727 spiritus,
338 3677 425 3726 mens,
435 3677 493 3727 pars
503 3667 596 3714 anima
605 3669 718 3728 superior
723 3685 731 3728 ;
743 3665 844 3728 quando
855 3666 1018 3718 conformiter
1026 3662 1140 3717 cicant*

100 3730 212 3782 hominis
223 3734 334 3795 interni,
346 3738 401 3783 tum
415 3737 490 3783 recta
503 3735 626 3795 rationis,
636 3737 694 3785 tam
703 3735 790 3799 gratia
800 3737 936 3797 operatur,
946 3739 972 3786 et
984 3735 1061 3786 fertur
1073 3735 1095 3782 ic
1103 3739 1140 3779 tt·

99 3811 156 3862 quae
170 3801 310 3862 spiritualia
327 3803 414 3853 diuina
433 3805 502 3852 sunt.
521 3803 618 3853 llicItur
637 3804 762 3865 cautior,
778 3803 903 3867 carnalis,
920 3807 1010 3867 uetus,
1024 3797 1143 3854 animulis

100 3872 177 3923 homo
192 3877 306 3936 pcccati;
317 3873 419 3936 quando
431 3885 461 3926 ex
474 3873 611 3929 mumius
621 3886 744 3931 mutuum
753 3878 780 3929 et
788 3876 916 3941 appetitus
926 3877 1055 3938 mutui,
1066 3878 1142 3937 opti*
