2520 4440
436 251 658 314 PROLOGUS,
679 257 732 306 eto.
1081 270 1118 306 xv

100 343 245 416 Decima
268 344 314 416 ad
333 343 519 437 Hebraeos,
537 371 582 418 an
602 346 661 419 63.
687 350 829 436 Romae,
857 360 917 420 aut
932 348 1056 421 saltem
1076 349 1116 419 in

63 466 167 553 ltalia,
185 469 293 563 pauld
309 481 389 565 post
409 470 525 565 prima
548 469 705 542 vincula.

42 622 44 630 ⁴
99 589 294 663 Undecima
308 592 408 689 prior
420 593 465 663 ad
477 593 705 666 Timotheum
717 598 736 671 d
746 594 951 667 Macedonia
964 644 974 681 ,
985 619 1044 665 an.
1056 594 1116 666 dh.

97 711 317 784 Duodecimn
330 713 375 785 ad
388 715 523 787 Titum.
539 713 719 812 Nicopoli,
739 740 798 786 an.
823 715 890 802 6h3
909 715 953 787 de
977 715 1042 787 hae
1058 728 1116 786 ta-

64 858 131 907 nen
149 847 300 932 utraque
316 861 447 934 magna
465 838 702 910 controversia
719 837 813 935 apud
829 851 1000 910 auctores.
1022 837 1116 914 Vide

62 956 293 1051 praefationem
310 958 419 1030 illius.

98 1079 243 1150 Decima
264 1080 364 1152 tertia
380 1081 427 1152 ad
446 1082 638 1179 Ephesios,
659 1085 782 1158 Romae
794 1083 832 1153 in
849 1084 1011 1156 secundis
1030 1083 1116 1158 vin·-

63 1203 155 1290 eulis,
175 1228 235 1273 an.
254 1203 314 1273 66.

97 1325 242 1396 Decima
258 1337 381 1425 quarta
406 1326 581 1424 posterior
600 1327 647 1398 ad
668 1328 916 1415 Timotheum,
938 1331 1060 1403 Romae
1073 1331 1113 1402 in

60 1447 212 1520 secundis
232 1448 382 1522 vinculis
401 1462 435 1521 et
456 1450 561 1521 morti
578 1451 735 1538 vicinuS,
753 1475 800 1520 an
818 1450 878 1521 66.

97 1573 142 1642 Et
163 1570 209 1642 de
228 1572 284 1643 his
300 1571 435 1649 duabus
452 1571 558 1644 etiam
583 1573 877 1659 aontrovertitur3
895 1575 999 1646 multi
1015 1575 1112 1647 enim

57 1695 173 1765 volunt
189 1694 287 1791 qudd
298 1695 338 1765 iu
354 1694 478 1792 primis
494 1695 644 1767 vinculis
656 1696 791 1791 scriptae
803 1696 937 1769 fuerint
950 1722 959 1767 z
974 1696 1019 1768 de
1028 1697 1113 1795 qui-

55 1814 114 1888 bus
128 1816 212 1890 vide
229 1816 453 1914 praefationes
473 1817 646 1915 proprias.

95 1943 203 2013 Hune
226 1940 390 2014 ordinem
413 1941 543 2017 stabilit
560 1954 617 2028 et,
641 1922 813 2039 quanthm
827 1955 971 2038 potest,
987 1942 1112 2041 probat

55 2064 228 2136 Dominus
249 2065 308 2137 De
328 2066 534 2153 Tillemont,
551 2064 679 2137 inanis
697 2065 736 2134 in
754 2067 801 2136 D.
821 2065 973 2143 Paulum
996 2066 1110 2152 notis,

54 2189 260 2275 Mdmoires,
274 2203 340 2263 ete.

95 2312 301 2409 Unicuique
317 2312 481 2408 Epistulae
495 2335 620 2399 suum,
633 2312 671 2383 in
692 2312 763 2383 hoc
781 2335 907 2408 opere,
926 2312 1114 2408 proprium

56 2447 287 2534 anteponetur
304 2448 577 2531 argumentum
594 2435 738 2507 interim
752 2435 795 2515 ‚in
811 2459 943 2532 genere
964 2434 1032 2507 dici
1048 2461 1113 2531 po-

56 2569 134 2646 test,
148 2556 249 2656 qudd
264 2556 426 2629 omnium
438 2559 485 2631 D.
505 2556 607 2629 Pauli
620 2558 858 2654 Epistolarum
871 2557 997 2654 triplex
1013 2582 1111 2654 argu·

58 2694 215 2753 mentum
231 2704 307 2758 esse
319 2679 492 2753 videatur.

81 2804 285 2890 Primum,
298 2802 382 2881 fidei
395 2803 560 2900 dogmata
575 2802 731 2876 stabilire
747 2815 782 2875 et
797 2802 984 2898 explicare,
997 2825 1112 2874 mores

61 2927 270 2999 Christianos
294 2925 490 3013 inculeare,
524 2924 569 2996 ad
592 2925 890 3022 perseverantiam
913 2925 953 2995 in
985 2923 1056 2996 fide
1080 2937 1115 2996 et

60 3049 241 3124 virtutihus
258 3049 429 3121 animare.

97 3175 192 3247 Hinc
215 3174 428 3270 plerumque
450 3171 548 3268 prior
567 3195 690 3244 earum
709 3195 790 3268 pars
819 3184 870 3244 est
891 3170 1113 3270 dogmatica,

59 3298 227 3392 posterior
247 3296 334 3369 vead
350 3295 506 3367 moralis.

99 3420 212 3494 alliud
234 3417 436 3516 argumenti
462 3440 576 3514 genus
606 3427 657 3488 est
688 3416 934 3505 Iudaismum,
956 3416 1115 3514 legisque

57 3541 213 3614 Mosaicae
230 3539 481 3626 caeremonias,
497 3563 562 3636 per
577 3562 707 3611 novam
724 3538 854 3614 Christi
873 3539 989 3636 legem
1007 3538 1116 3609 abro-

57 3676 168 3759 gatas,
187 3664 401 3759 impugnare
420 3674 455 3734 et
469 3660 645 3733 eradicare
655 3686 666 3748 3
687 3661 878 3757 praesertim
895 3661 933 3731 in
950 3659 1113 3757 Epistolis

59 3796 100 3867 ad
119 3802 331 3884 Romanos,
352 3794 397 3869 ad
428 3794 585 3883 Galatas,
605 3795 651 3868 ad
673 3796 943 3894 Philippenses,
970 3792 1015 3865 ad
1040 3794 1113 3862 He-

60 3915 178 3993 braeos.
