2520 4440
324 293 493 350 rueretur
512 266 739 354 exnosrnro.
759 300 840 356 cle.
859 303 939 356 xiv.
1113 300 1164 355 rur

135 391 164 441 7.
175 383 263 443 Nemo
273 377 347 445 enim
355 384 482 447 nostrdm
491 386 544 447 sibi
585 432 587 435 v
598 392 725 455 Uterque,
737 395 859 456 inquam,
875 396 955 446 ileum
966 393 1094 445 benedicit
1103 407 1110 443 t
1119 407 1167 445 ne-

98 467 189 534 most,
203 475 231 521 et
241 483 323 524 nemo
332 470 387 524 sibi
397 473 524 526 mrim„
567 473 609 510 mo
621 462 690 511 enim
709 458 843 525 nostrum,
856 465 901 524 qul
912 461 1049 513 christiani
1061 475 1166 524 sumus,

567 528 606 578 sui
623 528 700 578 coust
717 531 802 580 vivere
821 531 895 582 debet
905 536 950 582 aut
961 528 1045 592 morl,
1062 531 1107 581 sod
1121 531 1166 584 lici

567 599 660 661 gratie,
673 601 747 660 omns
760 603 805 649 toti
822 612 920 652 sumus.

134 675 162 726 8,
183 674 248 727 sjve
260 675 473 740 mimorum,
486 681 543 731 po.
597 668 655 718 Slve
672 669 741 718 enim
765 671 894 730 vivimus,
912 669 1020 719 homino
1037 671 1165 731 vivimus,

96 749 177 804 mano
187 751 305 804 vivimus
315 769 321 804 :
332 752 532 807 sivemofimu,
566 736 641 798 dquo
652 740 690 786 est
706 739 759 786 rite
776 742 875 799 nostem
891 739 944 787 sive
962 740 1103 798 morimur,
1116 738 1164 788 lio·

97 829 220 882 Domino
237 829 382 883 morimur·
397 831 460 883 Sive
476 794 542 897 erga
566 807 637 854 mino
649 806 792 866 morimur,
810 818 860 866 quo
878 805 967 856 Judlcs
982 807 1106 856 morimur
1119 826 1125 855 ι
1136 809 1164 858 in

97 906 234 995 uiuimus,
253 907 310 960 Sive
321 907 471 973 mmimur’
566 955 610 992 seu
622 944 775 1002 morientes,
786 941 887 992 homini
898 955 988 993 sumus
998 980 1006 1003 ,
1017 945 1061 1005 qui
1074 956 1167 1004 magno

97 997 169 1038 “²¹⁰¹
184 997 291 1038 mmm·
565 1011 646 1131 pregg
664 1022 711 1059 nos
731 1010 852 1074 re'demlt,
868 1013 908 1061 sul
924 1011 1020 1072 scillcet
1036 1015 1166 1074 sanguinis

565 1092 609 1143 pre
648 1115 654 1130 .

488 911 542 962 Do·
565 885 717 934 quocunque
728 879 785 934 ergo
794 877 861 923 statu
871 886 973 935 sumus,
985 885 1030 923 seu
1042 873 1165 936 vivemus,

132 1159 160 1209 9.
187 1159 219 1209 ln
243 1156 298 1210 hoc
322 1157 397 1210 enim
418 1157 542 1212 Christus
596 1149 706 1200 inhunc
719 1150 901 1214 quippodncm
918 1150 1033 1200 Christus
1049 1155 1166 1203 mortuus

96 1238 227 1285 mortuus
236 1239 287 1296 est,
298 1235 483 1286 &resurrexit
494 1251 501 1285 :
511 1240 542 1287 u,
565 1220 615 1277 est,
633 1220 658 1266 et
671 1222 753 1268 morto
769 1218 815 1268 sud
826 1222 920 1269 nostrae
932 1219 1114 1281 redemptionis
1124 1220 1165 1281 ly·

95 1310 485 1363 etmortuommetviwmm
493 1311 542 1364 do,
564 1287 621 1366 tron
643 1284 733 1346 solvlt;
756 1289 782 1335 et
799 1286 814 1335 d
832 1289 941 1366 mortuis
958 1289 1094 1335 suscitatus
1111 1285 1165 1366 vitii

96 1387 231 1440 meu·
563 1354 1000 1473 {uliuruumurr
1015 1355 1123 1404 “u
1136 1366 1164 1403 ¹¹¹

129 1491 177 1540 10.
196 1491 237 1540 Tu
248 1493 341 1541 autem
354 1489 422 1556 quid
430 1489 540 1555 judicas
593 1490 657 1540 cum
672 1502 730 1552 ergo
749 1491 794 1542 liei
809 1490 952 1552 christique
969 1503 1058 1540 sumus
1067 1510 1075 1552 t
1086 1503 1164 1553 qnare

96 1565 210 1618 tratrem
222 1565 318 1617 tuum?
330 1573 377 1618 aur
390 1573 438 1629 ru,
453 1582 539 1634 quare
562 1562 607 1620 tu,
623 1559 783 1621 iudaeum
795 1560 968 1621 mandamns,
978 1560 1163 1611 iratremtuum

96 1643 207 1710 spernis
218 1643 332 1697 fratrem
341 1645 442 1698 mum?
562 1629 760 1680 manducantem
770 1668 777 1690 ,
786 1629 885 1690 Jumcas
901 1634 929 1680 ut
944 1630 1074 1692 gulosum,
1085 1634 1109 1680 et
1119 1634 1163 1696 tu,

562 1706 683 1766 Gentllls,
701 1706 830 1769 quodlibet
849 1711 991 1770 appositum
1010 1707 1162 1765 comedens,

561 1788 639 1836 quare
663 1776 766 1826 fratrem
789 1780 881 1837 tuum,
905 1777 954 1826 hdo
975 1776 1088 1825 libertate
1110 1789 1162 1825 non

562 1849 692 1907 utentem,
705 1849 802 1908 spernis
812 1851 840 1896 ut
851 1849 956 1896 rationis
967 1848 1082 1909 inopem,
1097 1850 1121 1903 et
1134 1848 1162 1895 in

561 1912 610 1962 ilde
622 1915 789 1976 imperitum?

105 2112 109 2116 -
125 2083 150 2131 7.
165 2079 243 2129 Nemo
255 2080 321 2129 euim
331 2081 444 2130 uostrttm
459 2082 509 2130 ribi
523 2082 615 2131 uiuit...
632 2082 676 2130 Gr.
694 2081 741 2131 sihi
755 2082 819 2144 ipsi,
833 2084 883 2131 etc.
903 2081 994 2131 Prohat
1012 2084 1037 2130 et
1053 2081 1161 2130 mandu-

94 2155 198 2200 cantem
210 2153 235 2199 et
246 2162 298 2199 non
314 2151 511 2201 manducantem
522 2151 629 2200 llornino
638 2150 809 2212 manducare,
821 2155 846 2200 et
856 2163 908 2201 non
919 2151 1083 2202 manducare.

125 2214 203 2270 Nemo
220 2221 285 2269 mim
300 2222 429 2278 nostrum,
440 2223 484 2282 qui
496 2221 631 2271 Christiani
643 2234 746 2281 sumus,
756 2226 858 2284 propter
868 2234 894 2270 se
907 2223 971 2271 uiuit
980 2225 1025 2270 aut
1036 2222 1161 2283 moritur,

93 2288 138 2337 sed
155 2292 260 2351 proptor
274 2288 370 2349 Deum,
382 2290 456 2348 culus
473 2295 511 2339 est
526 2292 612 2350 totus,
624 2292 649 2338 et
664 2288 697 2338 ad
712 2291 785 2350 culus
803 2293 934 2354 propterea
945 2288 1064 2351 gloriam,
1074 2293 1160 2347 omniu

94 2373 141 2408 sua
152 2359 248 2410 reterre
260 2359 341 2409 dehet.

123 2447 148 2492 8.
162 2443 295 2493 Sioemim
305 2443 428 2501 uiuimus,
438 2445 544 2493 Domino
553 2445 691 2495 uiuimus...
705 2444 793 2504 idest,
807 2445 907 2495 Christo
922 2445 1043 2506 Domino,
1057 2448 1101 2506 qul
1113 2457 1159 2494 nos

93 2511 153 2561 lecit
167 2525 242 2572 siros,
251 2515 276 2560 et
289 2513 331 2562 cui
342 2517 472 2574 propterea
484 2513 603 2562 dehemus
613 2550 619 2573 ,
631 2518 656 2563 ct
666 2515 762 2574 vitam,
773 2518 798 2563 et
809 2518 916 2564 mortem
926 2551 933 2575 ,
944 2521 968 2563 et
978 2517 1064 2564 omnia
1073 2519 1159 2564 nostra

94 2593 253 2631 consecrare.

125 2651 184 2699 Siue
199 2664 259 2712 erpo
269 2650 395 2710 uiuirnuc',
410 2652 462 2701 siue
473 2652 615 2710 morimur,
628 2652 730 2702 Domini
741 2666 847 2714 sumus,·
864 2652 941 2701 idest
956 2650 1065 2711 Christi,
1082 2651 1158 2712 dquo

93 2720 175 2782 empti
188 2731 278 2768 sumus
297 2721 377 2780 pretio
396 2732 487 2780 magno
497 2756 505 2779 ,
517 2722 595 2781 ipsius
614 2720 712 2773 scilieet
727 2721 859 2781 sanguine.

123 2788 263 2837 Servorum
272 2787 336 2836 nihil
346 2792 382 2837 est
390 2808 398 2849 ;
406 2791 491 2837 omnia
499 2788 558 2837 vero
567 2793 627 2838 sunt
636 2789 747 2839 Domini.
756 2790 820 2838 (idm
828 2801 886 2850 ergo
893 2789 958 2838 serui
968 2800 1056 2839 sumus
1065 2785 1158 2838 Christi

92 2856 211 2917 liomlni,
225 2858 326 2917 quinos
341 2870 386 2906 suo
400 2861 521 2920 sanguine
535 2858 654 2920 redemlt,
666 2857 721 2907 lded
735 2859 820 2908 omnia
832 2861 932 2918 nostru,
944 2860 969 2906 et
983 2859 1035 2907 ulta
1049 2860 1074 2907 et
1088 2868 1159 2908 mors

92 2925 188 2976 Christi
200 2931 270 2976 sunt.

123 3013 148 3067 9.
161 3010 191 3057 lu
206 3009 252 3058 icoc
267 3011 332 3060 euim
353 3010 466 3061 christus
479 3016 594 3060 mortuus
607 3017 641 3061 ert
659 3016 682 3060 et
696 3011 839 3061 recurrerit.
852 3008 895 3063 Gr.
915 3007 1000 3071 addit,
1013 3012 1038 3061 et
1056 3011 1155 3061 revixit.

92 3076 171 3128 nunu
187 3079 266 3128 etiam
280 3079 368 3142 Syrus.
415 3096 419 3101 ·

122 3147 172 3196 liat
182 3160 288 3198 causam
299 3162 346 3199 cur
359 3147 452 3199 Christi
464 3162 566 3208 sumus,
578 3161 630 3198 non
646 3148 735 3199 nostri.
747 3149 777 3198 lo
789 3146 848 3207 hoc,
861 3146 888 3197 ld
899 3150 950 3210 eet,
959 3149 986 3199 in
999 3145 1069 3200 huno
1078 3148 1155 3200 noem

94 3216 211 3266 Christus
221 3223 337 3266 mortuus
352 3222 402 3276 ert,
415 3224 437 3267 ct
447 3218 582 3268 resurrexit
592 3218 606 3265 d
618 3219 726 3268 mortuis
736 3216 788 3267 viti
800 3218 888 3267 vivens
901 3215 1048 3267 immortali.

124 3287 156 3334 Ut
173 3291 197 3334 et
214 3291 374 3336 mortuorum
389 3293 412 3336 et
427 3288 544 3337 uiuorum
562 3287 702 3336 dominetur
720 3307 729 3335 :
745 3284 771 3334 id
788 3288 841 3347 est,
853 3287 883 3335 ut
897 3297 928 3336 ex
938 3286 1019 3337 morta
1030 3298 1076 3337 suu
1088 3290 1114 3337 et
1126 3296 1155 3338 ox

91 3357 279 3404 resurrectione
289 3367 336 3404 sua
348 3355 522 3404 dominaretur
536 3357 562 3404 in
575 3359 688 3405 mortuos
702 3358 726 3403 ct
739 3357 819 3404 vivos.

122 3421 144 3471 Δ
158 3427 183 3470 1⁰
196 3423 300 3484 quidem
315 3425 487 3487 conceptionis
498 3426 617 3483 instanti,
628 3423 742 3487 Ghrlstus
755 3425 870 3474 omnium
880 3422 1003 3475 minium
1011 3423 1068 3487 tuit,
1077 3423 1154 3485 lortius

91 3492 295 3541 tumendominii
306 3505 382 3542 usum
389 3497 414 3542 et
425 3496 573 3543 exercitium
581 3493 686 3555 adeptus
698 3497 735 3543 est
745 3507 789 3557 per
797 3497 904 3544 mortem
912 3498 937 3543 et
946 3495 1150 3543 resoneouomm

91 3573 175 3610 suam.
187 3563 256 3611 Dum
264 3561 375 3610 eremiti
389 3563 469 3611 omnis
480 3562 625 3623 potestatis
641 3562 700 3610 ooeio
714 3567 737 3611 et
752 3563 781 3611 iu
793 3567 871 3613 turn.
882 3562 911 3612 in
922 3565 1003 3612 totam
1015 3556 1148 3611 decio-ime

91 3629 296 3693 triumphantem
313 3632 339 3678 et
353 3630 522 3688 militantem,
534 3633 583 3677 etc.

124 3716 162 3764 10.
179 3713 216 3763 l'u
228 3717 314 3762 autem
320 3748 328 3774 ,
341 3711 510 3773 quidjudiros
525 3710 629 3774 fratrem
642 3717 744 3761 tuum...

122 3782 188 3832 de
203 3781 285 3831 solius
303 3779 349 3828 Dei
364 3784 390 3828 et
408 3779 500 3829 Christi
521 3782 620 3829 simus:
635 3792 712 3843 quare
731 3786 775 3839 tu,
791 3778 893 3842 Jodaee,
907 3792 957 3832 ntro
979 3772 1144 3831 uirorumue.

89 3853 191 3914 judicor
212 3855 238 3900 et
257 3847 413 3899 condemnas
428 3850 533 3912 fratrem
550 3849 691 3911 Gentilem,
707 3848 822 3900 libertate
841 3850 888 3900 sliri
904 3852 917 3898 e
934 3843 1030 3900 uiuum
1044 3828 1144 3891 ΜΝ

91 3926 137 3970 suo
152 3919 227 3980 dett,
244 3915 465 3967 manducantemr
490 3962 493 3967 .

120 3996 170 4046 Aut
185 4000 231 4054 tu,
244 3981 354 4043 uenum
373 3989 544 4054 manducans,
561 3994 588 4042 et
604 3976 701 4042 tirmior
719 3993 747 4043 in
765 3990 829 4055 tide,
840 4002 919 4056 nuum
935 3984 1023 4049 turriti
1042 3966 1139 4015 ‘'ml'‘
