2520 4440
104 245 155 296 586
294 243 424 296 PRlllAE
442 242 651 297 EPISTOLAE
671 239 715 292 tlt
732 236 974 291 CORINTHIOS

99 340 204 400 quisque
218 334 379 400 semetipsum
391 335 490 398 probet,
502 347 624 397 suamquc
636 345 700 384 con·
721 334 830 388 borno:
851 339 881 387 et
902 333 943 386 sic
969 332 1005 385 de
1026 344 1094 398 pane
1110 331 1142 384 illo
1184 330 1186 337 '

99 408 231 456 seleutiam
245 406 355 456 studiose
371 408 519 455 scrutetur:
535 408 560 453 et
582 405 619 453 sic
639 413 699 464 pro·
721 412 802 477 edat,
814 411 891 466 ΜΘ
901 409 1081 465 carpenum,

99 474 173 523 batus
184 477 209 523 et
221 479 392 536 praeparatus,
404 486 495 537 corpus
510 473 610 523 bomini
627 482 699 520 man·

100 539 191 603 ducet,
203 547 228 591 et
240 544 388 607 sanguinem
400 543 478 592 bibat.

129 608 230 659 Etenim
242 609 284 659 illa
302 611 404 672 indigne
422 610 518 660 edendo
536 613 561 660 et
570 607 697 668 bibendo,
754 613 798 664 29.
810 611 862 674 Qui
877 609 955 663 enirn
973 609 1143 662 manducatet

100 673 288 728 damnationem
312 681 339 729 iu
365 691 391 728 se
419 681 542 740 accersit,
567 682 697 742 propterea
719 689 788 741 hipp
806 687 1144 754 ind53„p‚jud105umsjp1

99 744 167 805 quod
182 759 273 809 corpus
284 747 384 797 llomini
398 761 451 798 non
466 749 587 799 discerult
606 749 697 811 dpanc
719 766 870 818 manducat
881 771 910 816 ep
931 765 1005 816 bibit
1020 781 1028 816 :
1041 779 1094 817 „011
1109 764 1143 818 ap

101 819 241 866 mmmm·
287 892 292 902 ,
716 842 845 909 judicans
856 855 965 907 corpus
977 843 1094 895 bomini.

129 911 232 975 Propter
253 915 319 964 hanc
350 928 453 965 causam
481 915 556 965 multi
584 915 697 965 vestrum
754 918 1145 972 50.1deointerv0smuitiiu·

99 978 220 1042 languent
236 988 261 1032 et
279 989 413 1046 aegrotant,
425 991 450 1036 et
467 987 604 1037 immature
616 993 697 1038 morte
720 995 790 1048 firmi
814 1001 842 1047 et
862 995 1039 1061 imbecilles,
1053 1002 1080 1049 et
1097 978 1146 1048 dor·

99 1052 253 1102 moriuntur.
719 1074 911 1132 miuutmutti.

129 1141 201 1203 Quod
219 1145 241 1193 si
262 1148 428 1209 nosmetipsos
446 1148 624 1211 probaremus,
640 1163 698 1201 exa·
754 1155 797 1204 ct.
817 1151 899 1213 Quod
926 1151 953 1202 si
983 1149 1145 1216 nosmetipos

99 1212 169 1260 mine
195 1215 289 1274 pravio
307 1218 333 1264 et
349 1219 512 1277 peccatorum
538 1221 697 1282 expiatione;
719 1225 955 1293 dijudicaremus,
986 1240 1045 1278 non
1073 1226 1146 1291 nuque

99 1279 160 1328 tane
171 1292 224 1330 non
242 1282 279 1330 sic
291 1285 451 1344 puniremur.
720 1305 918 1359 hdpcafemffl,

131 1491 307 1554 Unusquisque
319 1496 482 1556 semetipsum
492 1495 580 1557 probet
591 1500 616 1545 et
626 1499 769 1557 examinet,
779 1507 904 1556 suamque
916 1497 1099 1546 conscientiam
1108 1500 1145 1545 stu·

101 1560 169 1610 diost
183 1565 328 1624 scrutetur;
339 1565 434 1614 attente
445 1564 587 1614 consideret
598 1578 632 1614 an
647 1566 662 1615 d
677 1568 787 1628 peccatis
800 1567 834 1615 sit
844 1579 919 1628 pura.

131 1630 194 1680 ilinc
207 1632 348 1693 antinoitas
360 1632 412 1682 alid
426 1646 488 1683 voce
501 1632 651 1684 dicebatur:
667 1636 760 1685 Sancta
773 1637 877 1684 sanctis.

131 1699 163 1748 lit
175 1699 258 1750 taliter
275 1701 410 1764 probatus,
424 1705 583 1752 examinatus
601 1707 626 1752 et
641 1709 795 1767 praeparatus
807 1717 851 1766 per
867 1705 1052 1755 contritionem
1065 1707 1088 1754 et
1101 1715 1146 1753 coc

100 1769 234 1820 sessionem
245 1770 453 1823 sacramentalem
464 1771 473 1834 (
483 1773 504 1822 si
516 1772 591 1821 tuerit
602 1776 699 1835 peceati
711 1771 826 1822 mortalis
834 1774 957 1822 conscius
967 1771 993 1835 ),
1013 1785 1099 1839 corpus
1110 1771 1146 1820 llo·

100 1841 164 1887 mini
180 1839 332 1898 manducet,
349 1844 374 1889 et
387 1842 536 1901 sanguinem
555 1841 633 1890 bibat.

131 1929 171 1979 ‘lti-
189 1927 238 1985 Qui
255 1927 321 1975 enim
338 1928 503 1977 munducat...
515 1926 547 1978 Ut
558 1927 680 1978 attentius
696 1941 724 1979 se
741 1930 847 1990 quisque
860 1927 969 1990 probet,
986 1927 1148 1990 indigniora

100 1999 230 2047 munionis
246 2009 348 2060 poenam
361 1997 503 2047 denrrntiat.

128 2069 235 2130 indigne
248 2067 344 2118 edendo
360 2072 385 2117 et
399 2067 508 2117 bibendo
520 2067 710 2122 domationem
730 2081 802 2118 auam
822 2070 849 2117 in
868 2080 895 2116 se
908 2070 1038 2129 accersIt,
1051 2067 1148 2118 condens

100 2142 230 2189 nationem
240 2152 314 2188 suam
327 2139 375 2188 sibl
389 2138 528 2189 manducat
545 2143 571 2188 et
583 2138 646 2189 bibit
657 2158 664 2188 ε
685 2139 774 2198 idest,
789 2137 823 2188 ad
836 2143 962 2191 eternam
975 2151 1050 2188 suam
1063 2139 1148 2188 murna-

99 2213 196 2260 tionem
209 2209 347 2259 manducat
363 2212 388 2258 et
402 2209 475 2259 bibit.

130 2278 262 2341 Propterea
274 2276 342 2339 quod
359 2290 450 2340 corpus
464 2277 595 2328 liomlnld
613 2291 680 2341 pane
697 2279 828 2328 communi
845 2290 898 2327 non
917 2277 1054 2331 discernit.

129 2347 227 2408 Ergone
241 2360 394 2409 quemquam
408 2347 582 2399 damnandum
594 2349 703 2398 attlrmat
713 2346 840 2410 apostolus
856 2351 962 2409 propter
978 2347 1104 2409 indignam
1114 2360 1149 2395 ru·

100 2418 189 2466 turalis
202 2420 275 2480 panis
286 2419 465 2466 comestionem
475 2455 483 2479 ,
493 2423 519 2468 et
528 2421 589 2480 quia
602 2432 653 2468 non
665 2418 783 2468 dlscrevit
792 2417 867 2466 illum
878 2419 893 2467 a
905 2429 974 2479 pane
983 2418 1109 2468 communi
1118 2417 1148 2476 ,si

100 2487 132 2536 de
148 2486 212 2535 tacto
225 2487 299 2548 panis
316 2485 417 2535 tanturn
433 2489 487 2548 est,
504 2490 529 2536 et
540 2500 592 2536 non
608 2485 709 2537 realiter
722 2499 815 2549 corpus
825 2486 952 2535 Domini?

132 2554 193 2615 Sed,
211 2556 294 2616 inquil
316 2554 468 2615 calvinista,
488 2557 570 2617 imago
588 2557 700 2620 corporis
715 2555 840 2604 Dominici
861 2559 899 2603 est
914 2569 921 2601 ε
939 2555 1004 2616 quid
1020 2569 1077 2618 ergo
1094 2555 1120 2604 de
1132 2558 1151 2602 te

100 2625 162 2685 tiet,
179 2637 309 2674 sacrarum
325 2625 466 2686 imaginum
481 2623 658 2675 destructore?
673 2636 826 2688 quocunque
843 2626 869 2672 te
884 2630 972 2674 vertas
980 2661 990 2688 ,
1005 2626 1047 2676 bis
1058 2621 1151 2689 Apcstdi

99 2696 183 2747 rubis
194 2694 344 2746 confoderis.

130 2788 169 2834 ³0.
186 2785 244 2833 ideo
254 2781 330 2832 malti
339 2781 466 2845 intrante,
477 2781 510 2831 llt
519 2793 562 2831 eos
578 2780 723 2831 sensibillds
737 2783 825 2841 tangat
835 2779 869 2828 ad
880 2782 1063 2841 poenitentiam
1074 2818 1081 2842 ,
1091 2780 1152 2841 buius

98 2855 187 2914 judieii
197 2856 383 2905 exsecutionem
395 2854 421 2901 iu
431 2864 461 2901 eo
472 2864 561 2900 eoram
569 2851 677 2900 inlirmls
685 2856 711 2900 et
718 2852 825 2900 mortuis
835 2851 1022 2900 animaduertit
1029 2858 1054 2900 et
1062 2850 1152 2900 exbibet.

129 2930 187 2978 ideo
195 2966 204 2987 ,
213 2931 273 2990 quia
285 2926 386 2989 indigne
397 2928 588 2976 communicant
600 2932 626 2974 et
634 2926 762 2986 judicium
773 2925 821 2973 sibl
832 2924 1010 2987 manducant,
1023 2925 1096 2975 multi
1104 2925 1153 2974 iuer

99 3013 143 3050 oos
156 2998 277 3060 languent
296 3001 321 3047 et
336 3000 471 3058 aegrotant,
487 3001 512 3045 et
527 2997 665 3047 immaturi
680 3001 762 3045 morte
777 2996 935 3044 moriuntur.

130 3068 202 3118 Sicut
214 3068 324 3116 Ananias
335 3072 360 3116 et
370 3065 492 3129 Sapphica
504 3071 566 3115 tunc
578 3067 707 3127 temporis,
720 3067 752 3114 ob
763 3064 860 3113 tarnum
873 3069 899 3113 et
910 3066 1079 3117 mendacium
1088 3067 1153 3115 morte

99 3138 183 3198 puniti
197 3141 272 3197 sunt,
286 3136 318 3185 ad
327 3135 434 3184 aliorum
446 3134 588 3195 exemplum
598 3153 605 3194 ;
616 3136 653 3182 sic
665 3141 690 3182 et
702 3133 776 3182 multi
788 3132 984 3182 Corinthiorum
999 3133 1153 3197 temporaliter

98 3209 176 3256 variis
188 3206 350 3267 larrguorlbus
364 3209 389 3254 et
403 3204 513 3263 morbis,
535 3202 586 3252 trud
607 3209 632 3250 et
652 3207 734 3252 morte
748 3204 832 3266 puniti
848 3200 972 3263 luerunt,
993 3204 1026 3253 ob
1041 3203 1154 3264 indignam

99 3277 321 3334 communionem,
346 3274 379 3322 ad
398 3273 506 3322 aliorum
530 3271 748 3332 emendationem,
767 3275 793 3319 et
813 3268 846 3319 ad
861 3269 1020 3321 Christianae
1036 3270 1154 3334 Religionis

98 3345 231 3392 veritatem
247 3341 455 3391 confirmandam.

129 3412 237 3477 Sanetus
255 3410 389 3460 Anselmus
404 3409 467 3458 dicit
479 3408 547 3471 qued
562 3413 587 3458 et
602 3409 686 3458 adhuc
697 3412 800 3472 propter
810 3406 879 3469 banc
893 3421 1007 3458 causam
1023 3409 1098 3460 multi
1110 3410 1154 3471 posi

99 3482 194 3532 Pascha
208 3483 286 3531 variis
299 3479 488 3530 infirmitatibus
500 3482 668 3542 corripiuntur
680 3516 688 3541 ,
700 3481 759 3541 quia
771 3490 863 3540 corpas
877 3477 1057 3544 Redemptoris
1068 3475 1155 3539 indigne

98 3555 273 3616 perceperunt.

129 3644 169 3691 tt.
183 3639 255 3701 occu
272 3637 297 3687 si
316 3638 508 3699 memetpsoe...
519 3636 680 3687 Probationis
692 3641 718 3686 et
730 3635 855 3686 examinis
868 3635 1017 3698 supradicti
1031 3636 1154 3689 neenti-

98 3713 150 3758 tem
163 3708 276 3768 indicat,
288 3705 321 3755 ad
333 3706 467 3755 vitandum
480 3705 524 3756 liet
536 3707 673 3767 judicium.

131 3788 237 3849 osddri
253 3787 415 3850 mametiptot
431 3787 612 3849 probaremus,
624 3789 806 3838 conscientiam
821 3791 939 3838 uostmm
950 3788 1153 3848 discutiendo,et

99 3862 216 3920 peccata,
228 3859 250 3908 st
264 3867 323 3919 qua
342 3856 412 3916 stat,
428 3855 572 3906 damnando
592 3860 618 3906 et
636 3855 775 3920 expiando,
796 3866 850 3906 non
862 3860 1021 3921 puniremur
1034 3858 1152 3917 meritati

99 3924 277 3976 atdictloulbus
292 3923 324 3974 ob
336 3923 453 3992 indignae
465 3924 667 3987 communiones,
