2520 4440
339 247 509 303 TRIPLEX
526 242 749 309 Exposirio.
768 255 851 310 GAP.
871 259 938 313 vii.
1130 262 1164 315 8'i

102 333 190 389 vitate
203 340 333 409 spiritus,
344 347 373 398 ei
383 356 443 411 non
453 345 483 398 in
494 360 545 400 ve-
567 351 665 398 occasio
674 352 777 412 mortis;
788 363 888 414 equum
898 357 936 403 est
945 355 973 403 ut
982 353 1090 416 cbristo,
1102 355 1165 406 Filio

102 416 331 487 instate—mm,
566 417 610 466 Dei
629 414 752 483 copulati,
771 434 836 477 novo
853 420 964 472 liliorum
977 437 1021 473 seu
1035 423 1165 480 charitatis

567 487 670 547 spiritu,
690 488 740 538 lieo
758 493 913 551 serviamus,
932 492 1044 553 scilicet,
1062 497 1091 542 ut
1106 496 1165 544 uni·

566 555 644 612 geniti
657 552 713 602 Filii
723 554 766 605 'sul
778 569 891 618 sponsaa3
904 571 955 609 non
966 559 1026 608 verb
1040 562 1106 610 sicut
1119 575 1165 611 au·

542 648 545 655 ι
566 621 621 681 tea,
650 622 720 671 velut
744 627 827 686 servi,
848 627 901 676 solo
913 640 1052 695 vpoenarum
1069 635 1164 680 metue

567 688 664 751 hocque
675 691 806 755 charitatis
822 700 847 744 et
863 708 959 758 sponsu
977 700 1066 761 spiritu
1083 703 1165 761 paria·

566 771 624 806 mus
637 770 725 821 opera,
740 760 790 810 lieo
806 761 892 824 Patre,
913 764 1062 827 Christoque
1075 780 1165 830 sponso

402 856 405 861 .
566 830 667 889 nostro,
683 828 768 893 digna.

134 893 161 942 τ,
175 891 250 954 Quid
264 907 332 962 erge
345 897 489 955 dicemus?
499 902 543 957 ιθ,
596 894 645 944 Sed
663 908 751 947 vereor
762 911 796 949 na
807 902 864 962 quis
878 900 932 951 baec
946 915 988 963 me
1001 896 1108 964 delego
1125 903 1165 953 di-

98 962 249 1032 pempum
262 964 326 1025 epp?
339 974 431 1041 Amin
566 967 666 1013 centem
683 966 807 1028 audiens,
825 971 897 1031 putet
916 982 958 1019 me
977 968 1025 1033 legi
1040 970 1107 1020 hanc
1124 985 1166 1021 ca·

566 1030 691 1083 lumniam
706 1035 815 1096 inferre,
829 1037 896 1098 quod
912 1042 1009 1100 peceati
1023 1042 1056 1089 sit
1067 1043 1165 1089 auctor.

566 1099 636 1149 llbsii
658 1101 672 1150 d
692 1103 741 1164 piis
757 1105 885 1153 mentibus
905 1105 963 1154 talis
983 1107 1165 1167 interpretatio.

566 1170 616 1218 Lex
629 1173 726 1232 peccati
738 1185 786 1221 nec
796 1176 885 1223 auctor
897 1177 950 1234 est,
966 1187 1013 1224 neo
1029 1177 1165 1237 magistra,

567 1239 611 1287 sed
627 1239 703 1288 index
717 1245 742 1288 et
752 1244 904 1290 accusatrix.

99 1289 152 1340 Sed
167 1299 319 1356 peccatum
333 1310 391 1349 non
406 1302 541 1366 cognovi,
597 1307 675 1358 liulta
693 1312 754 1359 sunt
767 1312 836 1359 enim
850 1312 968 1372 peccata,
980 1321 1035 1372 quae
1046 1322 1166 1373 noncop-

97 1363 150 1417 nisi
164 1381 217 1432 per
232 1369 325 1437 legem
336 1389 343 1425 ε
356 1387 422 1427 nam
437 1391 544 1433 coneu-
567 1378 641 1436 novi,
655 1377 705 1425 nisi
719 1389 764 1438 per
777 1376 872 1438 leiefflt
889 1376 958 1436 imo,
970 1379 1052 1440 ipsam
1069 1389 1166 1429 mu·

96 1481 1167 1510 Μ

97 1543 134 1589 tui
146 1541 199 1592 aela
212 1547 238 1593 et
248 1546 371 1599 emulare
381 1548 486 1611 gloriam
495 1573 502 1614 ς
511 1565 569 1605 ama
578 1554 646 1616 quod
656 1559 742 1617 amat,
753 1559 871 1608 omnibus
880 1557 949 1607 illius
960 1557 1065 1608 subdere
1073 1557 1166 1608 volun-

97 1611 206 1672 tatibus,
218 1614 302 1675 ipsius
313 1619 349 1666 sis
362 1622 424 1668 tota.

124 1680 197 1730 Disce
207 1686 233 1730 et
246 1695 278 1733 ex
289 1686 379 1736 eodem
391 1702 480 1750 versu,
491 1690 558 1753 quod
570 1691 648 1754 huius
660 1698 818 1746 matrimonii
829 1697 888 1747 finis
899 1699 932 1746 sit
943 1696 1095 1748 fructificare
1105 1698 1165 1758 lieo,

97 1760 170 1812 opera
182 1755 273 1802 sancta
287 1754 339 1804 lieo
351 1760 472 1808 continue
483 1773 583 1821 parere,
595 1765 648 1810 tota
661 1759 711 1812 lieo
723 1767 818 1813 rivere.

124 1817 251 1882 Attouda,
273 1821 289 1871 d
305 1827 392 1874 anima
408 1839 464 1876 mea
475 1830 480 1876 i
493 1831 617 1890 quomodo
634 1831 695 1881 huic
711 1833 755 1881 bei
770 1836 797 1881 in
810 1837 836 1882 te
853 1834 979 1883 voluntati
998 1835 1164 1896 responderis.

98 1887 237 1952 Erubesce,
247 1890 263 1940 b
272 1895 361 1942 anima
373 1897 379 1943 l
394 1896 498 1946 inbono
510 1898 615 1958 sterilis,
626 1904 651 1948 et
663 1903 690 1949 in
702 1900 769 1950 malo
781 1901 907 1961 fecunda;
924 1903 1070 1963 ruborisque
1082 1907 1106 1951 et
1120 1903 1166 1951 do-

97 1956 155 2008 loris
166 1959 258 2022 plena,
271 1973 377 2013 recurre
389 1965 423 2013 ad
437 1979 560 2027 sponsum
572 1971 646 2016 tuum
656 2007 662 2028 ‚
672 1972 776 2021 veniam
794 1982 839 2030 pro
852 1973 979 2031 praeterito
992 1975 1133 2032 precatura,
1141 1975 1167 2019 et

97 2039 139 2088 pro
153 2033 278 2091 praesenti
288 2034 315 2080 et
325 2031 413 2082 futuro
425 2035 546 2096 Spiritum
558 2037 679 2086 Sanctum
692 2040 813 2099 petitura.
909 2078 912 2083 .

125 2097 225 2148 Christe
235 2137 243 2161 ,
255 2099 304 2150 Fili
316 2101 361 2151 liei
375 2105 445 2163 vivi,
459 2109 543 2154 omnis
556 2110 642 2155 autem
659 2109 753 2156 animae
769 2107 915 2155 christianae
929 2118 1036 2166 sponse,
1049 2108 1167 2156 miserere

99 2169 186 2218 anima
196 2181 279 2231 meae,
291 2174 344 2222 tuae
358 2172 418 2222 licet
429 2173 609 2236 indignissima
621 2180 646 2224 et
657 2176 837 2227 infidelissima·
848 2186 946 2236 sponsae
952 2195 960 2234 ;
974 2186 1061 2223 omnes
1070 2176 1093 2222 oi
1104 2187 1167 2223 con-

99 2235 160 2286 dona
175 2241 323 2300 praeteritas
343 2241 520 2303 infidelitates,
538 2246 642 2305 ejusque
661 2247 827 2306 peccatorum
845 2245 979 2292 immernor
990 2279 997 2302 ,
1009 2247 1034 2291 et
1048 2246 1122 2291 tuum
1135 2243 1167 2292 da

99 2307 119 2353 ti
129 2344 136 2367 ,
147 2318 250 2370 quaeso,
266 2309 410 2372 spirltum,
428 2312 552 2374 Spiritum
567 2316 676 2373 amoris,
698 2317 727 2362 ut
739 2314 788 2363 hoc
799 2317 845 2362 tuo
864 2312 957 2374 Spiritu
974 2311 1098 2370 fecunda,
1111 2312 1168 2360 edat

99 2374 143 2426 lico
156 2391 234 2441 opera
248 2381 310 2430 vitae
317 2400 325 2441 3
335 2383 392 2430 sine
405 2382 454 2432 hoc
469 2386 514 2431 tuo
525 2383 634 2444 Spiritu,
644 2385 722 2433 miser
733 2385 880 2445 passionum
892 2394 978 2430 servus
992 2393 1043 2441 ero,
1056 2385 1080 2429 et
1092 2393 1167 2443 opera

100 2451 182 2498 mortis
201 2461 305 2511 semper
325 2452 442 2512 pariam;
456 2454 484 2500 at
497 2451 595 2513 Spiritu
613 2454 657 2500 tuo
677 2451 803 2513 repletus,
816 2451 866 2499 lieo
884 2450 991 2511 subdar,
1010 2452 1123 2512 ipsique,
1138 2463 1168 2500 ex

99 2520 170 2576 aratia
184 2522 250 2580 tua,
268 2518 371 2569 fructus
384 2522 443 2570 vitae
456 2521 606 2583 producam.
782 2567 785 2574 ,
895 2579 897 2583 ι
1160 2530 1164 2537 “

123 2603 146 2650 7.
165 2601 236 2660 Quid
254 2614 317 2662 erpo
330 2602 461 2650 dicemus?
479 2604 527 2650 Leo
541 2605 672 2662 peecatum
684 2607 758 2651 est...
770 2599 849 2651 llulta
859 2599 923 2647 dixit
938 2600 965 2646 in
979 2599 1166 2660 superioribus,

99 2669 183 2729 ouibus
196 2670 337 2720 videbatur
349 2670 399 2732 legi
411 2670 569 2721 calumniam
583 2670 675 2720 inferre
684 2708 691 2730 ,
701 2684 726 2719 v.
737 2682 761 2731 g.
774 2683 801 2717 n.
819 2671 842 2717 5.
855 2669 987 2716 Passiones
1000 2673 1166 2739 peccatorum,

99 2752 146 2799 tuo
154 2754 204 2803 per
219 2740 300 2803 leoena
317 2747 400 2791 morat.
416 2754 443 2790 n.
455 2745 479 2791 6.
494 2738 511 2789 d
525 2740 577 2802 iope
587 2741 685 2788 mortis.
697 2739 756 2788 llaec
771 2741 799 2787 ut
812 2736 932 2799 explicet,
946 2737 1090 2795 interrogat.

124 2809 191 2867 Ouid
202 2823 267 2872 erpo
278 2811 414 2860 dicaces?
425 2809 451 2858 id
464 2813 518 2869 est,
532 2822 566 2857 an
576 2808 700 2868 dicimus,
710 2811 738 2856 ut
749 2807 940 2857 calumniantur
954 2805 1040 2865 aliqui,
1049 2803 1116 2864 quod
1129 2801 1168 2852 lex

97 2881 226 2936 peceatum
238 2880 290 2940 sit,
301 2878 330 2933 id
347 2881 400 2938 est,
413 2881 503 2928 auctor
517 2879 625 2940 peccati.
640 2877 720 2925 Absit.
736 2877 785 2925 Sed
795 2881 923 2936 peccatum
933 2886 983 2922 aon
996 2873 1110 2933 capuaci,
1123 2878 1167 2920 eto.

96 2945 117 2994 id
131 2950 186 3009 est,
199 2959 255 2996 non
271 2949 309 2996 lta
324 2948 414 2996 exacte
429 2949 572 3006 novissem,
582 2948 619 2994 ait
632 2945 802 2994 Theodoretus
814 2946 869 3004 post
881 2943 910 2990 b.
922 2942 1138 3003 chrysostomum.

120 3018 186 3066 Nom
199 3017 437 3079 cmwapisceotiom
451 3016 622 3066 amcicbom...
634 3014 677 3064 Gr.
695 3017 775 3075 ipsam
795 3015 865 3061 enim
881 3011 1110 3071 concupiscentiam
1124 3020 1168 3056 ne-

94 3087 219 3145 sciebam,
234 3092 285 3136 eto.
299 3085 361 3148 Syr.
373 3095 427 3135 uon
442 3087 513 3134 enim
526 3085 760 3144 concupiscentium
774 3082 916 3138 novissem,
928 3084 976 3127 etc.
988 3076 1077 3136 idest,
1089 3078 1169 3125 inter-

92 3168 151 3206 num
160 3159 199 3209 rai
213 3156 325 3216 alienae,
336 3168 364 3204 v.
377 3167 403 3216 g.
413 3157 513 3213 uxoris,
523 3154 694 3212 desiderium,
705 3162 756 3199 non
767 3151 894 3198 novissem
902 3159 955 3196 esse
965 3151 1095 3208 peccatum
1105 3147 1169 3205 ,nisi

91 3225 126 3275 lex
138 3227 237 3278 diceret
253 3248 260 3277 ι
280 3229 341 3276 Nora
356 3227 525 3286 concupisces.
539 3223 592 3273 lloc
602 3225 673 3271 onim
685 3220 755 3269 nulla
764 3219 817 3280 lego
826 3217 939 3267 humanat
953 3218 1069 3265 vetitum.

117 3298 178 3346 Nota
195 3298 267 3360 quod
283 3297 317 3347 D.
333 3294 431 3344 Paulus
449 3294 579 3351 modestia.
596 3293 693 3351 causat,
710 3292 832 3351 inprime
852 3298 957 3350 persona
975 3284 1099 3345 loquitur,
1116 3295 1168 3333 rem

90 3368 199 3418 odiosam
211 3372 250 3419 sic
264 3370 295 3416 in
307 3378 340 3416 ae
353 3364 445 3413 volens
456 3366 611 3426 exprimere,
625 3367 721 3409 nicam
735 3358 838 3407 liberivis
849 3357 904 3406 aliis
916 3359 1022 3417 exponat
1038 3354 1139 3414 Judaeis.

115 3437 177 3487 bota
189 3441 215 3487 et
226 3435 302 3498 qndd
316 3433 457 3483 chraeum
471 3434 498 3480 ln
509 3445 555 3480 sua
568 3441 677 3493 persona
691 3427 809 3477 describit
819 3429 847 3475 in
860 3424 954 3487 duplici
969 3426 1049 3482 statu;
1063 3426 1121 3470 ante
1134 3420 1170 3466 lo·

86 3519 140 3556 cem
152 3506 254 3556 scilicet
263 3542 271 3566 ,
281 3506 311 3552 et
322 3505 384 3564 post
393 3500 485 3561 legem.
494 3498 524 3549 in
533 3503 618 3561 primo
631 3501 697 3545 statu
709 3533 715 3555 ,
727 3494 827 3557 quando
843 3496 975 3554 peccatum
983 3490 1090 3546 latebat,
1102 3491 1170 3565 erat-

85 3552 132 3636 due
142 3579 271 3639 sopitum.
285 3574 317 3623 ln
332 3570 450 3623 secundo
463 3573 531 3618 statu
542 3606 549 3628 ,
562 3566 666 3628 quando
677 3563 829 3626 patefactum
841 3561 889 3610 fuit
899 3565 1044 3622 peccatum,
1059 3553 1171 3616 prohibi»

86 3629 154 3705 turn,
169 3651 195 3695 et
207 3658 256 3708 per
274 3641 488 3706 prohibitionem
505 3639 614 3686 excitata
628 3634 677 3682 luit
690 3631 902 3692 concupiscentia.

112 3716 183 3766 Absit
199 3714 298 3775 itaque
317 3708 392 3772 quod
405 3707 447 3756 lex
460 3709 597 3768 peccatum
617 3704 666 3760 sit,
680 3704 724 3749 aut
740 3701 835 3760 peccati
849 3699 984 3757 magistra,
998 3685 1110 3750 quinimd
1132 3689 1171 3734 est

83 3789 175 3846 peccati
188 3782 365 3837 accusatrix,
376 3780 414 3826 ait
423 3775 600 3824 ‘theodoretus
609 3808 615 3831 ,
624 3772 684 3831 quia
693 3769 772 3817 multa
782 3774 841 3818 suni
852 3767 953 3829 peccata
965 3764 990 3807 et
1002 3770 1045 3818 per
1056 3768 1082 3803 se
1092 3753 1169 3811 mab,

82 3867 135 3915 qua
148 3868 203 3904 non
217 3841 364 3903 novissem
377 3844 466 3908 mala,
479 3845 528 3892 nisi
540 3841 581 3890 lex
590 3852 632 3888 me
644 3838 778 3886 docuisset.
1027 3884 1170 3936 tummim

109 3924 193 3987 ipsam
207 3915 467 3980 concupiscentiam
480 3905 680 3970 resinamque
690 3909 762 3955 actus
773 3902 868 3953 externi
880 3897 1002 3949 rationem
1013 3901 1026 3936 e
