2520 4440
99 264 153 316 100
400 261 602 315 EPISTOLAE
621 258 866 313 subobsitos

129 355 262 405 Universa.
273 356 367 418 quippe
389 355 478 407 mundi
505 354 643 413 machina,
669 358 698 403 ut
755 359 799 409 20.
813 353 935 408 Vanitati
947 351 1025 409 enim
1035 355 1153 406 creature

99 423 234 477 hominum
253 425 444 474 necessitatibus
457 425 594 484 observiat‚
614 425 698 472 conti·
720 433 844 500 subjecta
859 437 902 487 ea
916 445 973 485 „011
985 431 1097 492 volem,
1111 429 1153 482 ,ed

100 507 159 545 nun
172 495 308 544 mutationi
322 496 347 542 et
360 495 517 556 corruptioni
531 493 638 542 obnoxia
651 495 697 553 est;
721 515 834 577 propte,
865 522 930 561 eum
970 506 1031 575 qui.
1047 504 1153 572 subja„

100 578 152 614 non
168 567 256 626 sponte
272 563 335 624 sut,
351 563 395 612 sed
410 563 585 624 obtemperans
598 563 622 610 ei
634 599 641 621 ,
654 575 694 613 cu·
935 546 944 575 ’

98 635 140 694 lus
158 631 288 683 voluntate
307 630 442 681 bominum
465 631 579 680 servituti
598 629 698 678 addicta

99 706 209 764 est;non
221 703 432 764 inperpetuum,
448 699 493 749 sed
508 699 540 748 ad
553 702 664 762 tempus,
674 704 699 749 et

99 771 165 829 iacti
184 771 220 822 ilii
240 783 284 833 spe
303 771 459 821 liberationis
476 770 491 818 i
509 772 649 829 servitute,
672 770 698 818 in

99 841 236 892 universali
246 840 343 890 scilicet
355 840 548 888 resurrectione.

129 910 203 959 iiunc
216 920 274 970 ergo
285 907 353 957 diem
366 910 462 955 attenta
473 908 699 969 prospectumque
757 906 801 956 et.
819 901 889 965 Quia
909 905 937 955 et
958 900 1021 967 ipsa
1039 905 1154 953 creature

100 983 125 1030 et
144 981 197 1042 ipsa
211 981 274 1026 tunc
296 977 445 1026 enervitate
466 980 492 1025 et
509 976 700 1038 aeorruptione
722 982 883 1037 liberabitur
904 980 921 1033 p
940 979 1077 1033 servitute
1099 992 1153 1032 cof.

99 1043 259 1104 liberabitur,
271 1048 295 1093 et
301 1045 333 1094 ab
342 1045 392 1094 hao
404 1045 523 1094 servitute
536 1043 700 1093 transferetur
722 1059 860 1127 ruptionis
891 1058 920 1111 in
935 1056 1093 1111 libertatem
1103 1055 1153 1124 310.

99 1117 127 1230 {a
138 1114 280 1230 liberigtem
292 1112 402 1163 similem
420 1112 531 1163 libertati
542 1113 655 1174 gloriose
667 1113 700 1162 u·
724 1140 772 1192 riae
784 1096 904 1191 fflioru’m
917 1137 968 1189 Dei

110 1184 191 1231 iorum
224 1182 257 1230 ei.
971 1173 978 1188 ⁸
1049 1218 1052 1223 .

129 1252 262 1323 Propterea
282 1263 370 1301 omnes
390 1256 512 1302 creaturae
527 1251 604 1301 simul
618 1253 701 1314 suspi-
757 1249 801 1300 ie.
814 1246 922 1303 Scimus
932 1244 1152 1312 enim-quodom-

99 1324 172 1381 rant,
187 1319 296 1370 cisimui
311 1319 458 1380 condolent,
476 1333 567 1380 magno
581 1322 652 1382 quasi
665 1319 701 1369 le-
723 1324 767 1377 nis
791 1329 916 1376 creatura
943 1320 1114 1389 ingemiseit,
1131 1323 1151 1372 ei

99 1392 176 1440 minae
191 1391 355 1453 parturientis
368 1389 453 1438 dolore
463 1408 471 1450 ;
481 1401 555 1438 suam
565 1427 571 1450 ,
582 1390 614 1439 ab
626 1391 701 1438 initio
724 1401 842 1470 parturit
852 1382 1058 1467 usque'pdhup,

100 1458 189 1507 mundi
208 1469 287 1518 usquc
309 1469 392 1516 nnnc,
407 1455 583 1506 liberationem
600 1468 702 1520 exspes·
987 1454 993 1473 '

99 1529 182 1575 tontes
195 1539 256 1575 cum
272 1527 377 1587 gemitu.

722 588 905 654 samin-spe.

130 1674 286 1762 Eespecmtio
309 1704 443 1762 cooperiat,
455 1703 485 1749 ut
501 1699 655 1760 significetur
670 1680 846 1750 avidissimum
865 1695 1030 1747 desiderium.

130 1770 216 1831 itaque
231 1771 347 1819 universa
362 1770 417 1820 haec
435 1770 560 1820 sensibilis
579 1771 670 1821 mundi
687 1770 806 1820 machina
821 1767 917 1817 attente
931 1769 957 1816 et
976 1768 1061 1817 erecto
1072 1765 1147 1826 capite,

95 1841 171 1900 crasi
185 1839 198 1889 e
209 1840 311 1901 specula
323 1841 443 1902 prospicit
452 1877 459 1901 ,
467 1844 492 1889 et
503 1845 630 1903 exspectat
642 1842 710 1890 hanc
721 1839 915 1902 patefactionem
928 1835 1042 1887 filiorum
1053 1835 1094 1885 bei
1101 1853 1107 1895 ;
1115 1843 1147 1882 seu
1193 1898 1195 1903 Ι

100 1912 200 1968 tempus
212 1905 276 1956 iilud
290 1910 317 1957 in
329 1920 378 1970 quo
391 1909 536 1970 apparebit,
546 1911 590 1971 qui
607 1910 665 1959 vere
676 1916 736 1958 sunt
746 1909 791 1957 iiiii
803 1909 856 1957 liei.
1193 1958 1195 1967 ,

130 1975 187 2026 Vita
203 1989 315 2039 praesens
329 1988 381 2025 non
398 1981 436 2026 est
454 1979 554 2039 tempus
570 1977 744 2038 patefactionis
762 1978 855 2038 hujus,
867 1973 943 2025 multi
957 1987 1029 2024 nunc
1047 1971 1148 2035 apparent
1193 1988 1195 2021 !

100 2045 146 2094 iiiii
159 2045 217 2106 liei,
232 2049 277 2106 qui
290 2046 376 2095 reveri
387 2058 439 2094 non
455 2049 530 2105 sunt;
545 2045 589 2094 alii
607 2050 667 2094 sunt
677 2047 795 2107 quidem,
807 2046 851 2094 sod
864 2057 919 2094 non
936 2046 1062 2106 putantur
1074 2051 1127 2090 esse.
1192 2036 1195 2085 Ξ

130 2115 321 2178 Exspectemus,
341 2114 526 2174 desideremus,
544 2114 650 2164 sollicite
667 2113 826 2176 speculemur
841 2112 904 2161 iliud
927 2115 1031 2174 tempus
1045 2108 1148 2177 :iuterim
1192 2102 1195 2139 ἵ

100 2197 243 2246 gemamus,
256 2198 374 2244 oremus;
387 2189 487 2234 orantes
499 2186 523 2234 et
534 2186 661 2246 gementes
679 2188 704 2232 et
722 2184 818 2233 bonum
834 2185 984 2246 operantes,
997 2181 1148 2244 exspectarent

100 2255 205 2317 gloriam
215 2253 326 2303 tiliorum
343 2254 396 2302 liei.
923 2248 926 2253 '
1193 2304 1195 2313 Ι

129 2324 216 2374 libeni
229 2336 275 2371 cur
286 2323 376 2371 timeat
389 2320 564 2383 Christianus,
578 2321 646 2386 quoi
659 2324 742 2373 omnis
758 2325 875 2372 creatura
891 2313 1147 2373 vehementissimis
1193 2342 1195 2347 ·

101 2393 212 2445 siderali
1041 2386 1045 2391 '
1078 2386 1082 2391 ”

131 2478 171 2525 20.
186 2475 297 2524 Vanitati
310 2474 376 2523 enim
386 2473 498 2536 subjecto
511 2479 560 2536 est,
573 2473 599 2523 id
613 2478 665 2535 est,
678 2477 806 2525 continua
817 2473 956 2523 mutationi
972 2475 999 2521 et
1012 2467 1148 2534 corruptiori

102 2545 208 2596 obnoxia
223 2546 269 2594 est.
284 2543 384 2594 Vanum
402 2544 445 2594 bic
463 2544 531 2594 idem
546 2558 576 2594 ac
591 2545 688 2594 fluxum
701 2551 726 2594 et
739 2542 862 2593 mutabile
875 2562 881 2592 ι
893 2556 945 2591 non
958 2542 1060 2602 comm,
1074 2541 1099 2591 id
1110 2540 1147 2594 esi,

102 2629 153 2673 non
169 2619 257 2678 sponte
275 2615 321 2664 sui
333 2633 341 2664 r
355 2613 471 2676 quaelibet
489 2618 557 2664 enim
575 2628 616 2664 res
635 2615 784 2664 naturaliter
799 2615 887 2663 horret
901 2615 926 2661 et
945 2610 1012 2674 fugit
1025 2608 1147 2671 corrumpit

99 2687 143 2735 sed
152 2690 255 2748 propter
268 2681 338 2742 eum,
350 2684 439 2745 idest,
452 2685 546 2744 baum,
560 2686 604 2745 qui
616 2684 723 2745 subjecit
734 2697 791 2735 eam
802 2684 829 2732 in
837 2695 895 2745 epe,
906 2681 932 2730 id
945 2684 999 2742 est,
1011 2695 1063 2731 non
1072 2684 1148 2742 inper-

101 2758 222 2816 petuum,
235 2753 278 2801 sed
291 2752 323 2800 ad
334 2757 448 2813 tempus,
466 2751 531 2802 iacti
543 2752 582 2801 iiii
595 2752 664 2802 certi
680 2764 723 2814 spe
739 2751 914 2811 liberationis,
927 2761 985 2812 quet
1002 2743 1147 2810 contingeiii

102 2822 237 2874 universali
249 2824 443 2873 resurreetione.

132 2909 172 2955 21.
186 2906 280 2964 Quioet
291 2905 349 2966 ipso
361 2911 478 2955 creatura
493 2905 672 2956 liberabitur...
684 2908 748 2957 tune
758 2908 826 2956 enim
838 2910 862 2956 et
873 2906 932 2968 ipse
944 2908 1065 2954 creature
1076 2901 1148 2953 tibere

104 2976 172 3025 bitur
181 2973 197 3024 ei
206 2974 334 3032 cmouute,
346 2974 397 3035 qui
408 2977 562 3037 corruptioni
576 2978 601 3022 at
614 2975 778 3024 mutabilitati
792 2975 905 3035 subjacet
912 2992 920 3034 ς
931 2976 996 3023 tunc
1008 2973 1076 3021 enim
1087 2977 1149 3020 ceste

102 3046 138 3095 bit
147 3043 444 3106 generatio,corruptio‚
456 3047 541 3092 motus
555 3043 685 3094 emiorum.
1116 3070 1120 3076 ·

132 3115 162 3163 le
175 3113 312 3162 libertatem
329 3113 416 3175 plorioe
428 3113 542 3175 filioram
552 3115 610 3172 Dei,
623 3114 714 3174 idest,
727 3117 752 3162 et
763 3114 795 3163 ab
810 3113 859 3162 bac
870 3113 993 3163 servitute
1005 3113 1120 3165 transiere

103 3187 130 3234 in
146 3183 288 3232 libertatem
302 3181 411 3232 simliem
422 3182 532 3232 libertati
546 3183 658 3232 liliorum
672 3184 725 3232 Del.

131 3253 207 3302 Novis
219 3251 381 3313 qualitatibus
392 3250 546 3301 notabuntur
558 3252 691 3302 elementa.
704 3252 759 3301 Erit
771 3250 863 3303 coelum
877 3263 991 3313 novum,
1003 3256 1071 3303 terra
1085 3259 1149 3312 norr3

103 3325 169 3373 sicut
179 3323 265 3371 nutrix
281 3323 352 3384 pueri
370 3320 671 3382 mandamentorum
687 3334 764 3384 puer,
782 3323 859 3370 etiam
877 3323 931 3383 ipsa
948 3327 1050 3389 propter
1062 3325 1150 3384 puerum

103 3393 236 3456 participat
247 3389 358 3439 debonis
369 3392 456 3451 regiis;
468 3393 493 3438 et
504 3391 570 3439 sicut
582 3392 648 3439 servi
663 3389 696 3439 ad
707 3390 868 3440 dominorum
880 3388 987 3451 gloriam
1001 3387 1150 3454 splendidiora

103 3465 172 3512 vesta
184 3460 396 3510 momentariis
408 3460 437 3509 b.
449 3459 635 3522 chrysostomo.

132 3547 172 3594 22.
192 3544 291 3594 Scimm
314 3545 380 3594 enim
399 3542 466 3604 citou
486 3543 567 3592 omnic
583 3548 700 3593 creature
715 3542 884 3606 inpemiroit...
901 3541 945 3592 Gr.
962 3545 988 3592 et
1004 3535 1151 3605 comparturit

105 3625 181 3674 isque
197 3626 277 3663 none.
292 3613 348 3676 Syr.
363 3615 457 3663 scimus
478 3614 547 3662 enim
569 3625 657 3662 omnes
677 3618 806 3664 creaturas
826 3614 953 3675 suspirare
968 3616 994 3663 et
1007 3607 1151 3676 parturientis

103 3683 156 3744 pati
169 3680 267 3731 dolores
280 3681 312 3731 ad
327 3681 398 3731 hune
414 3693 493 3742 usque
506 3681 583 3731 diam.

134 3750 277 3812 simplificat
290 3752 439 3814 praedictum
455 3754 539 3802 omnis
553 3754 673 3801 creaturae
691 3751 858 3812 desiderium,
874 3752 1023 3814 metaphora
1039 3742 1151 3813 sumptii

104 3820 210 3870 muliere
233 3822 406 3882 parturiente,
422 3833 478 3881 qun
496 3822 573 3881 gemit
592 3821 619 3869 in
634 3819 721 3880 partos
741 3819 853 3881 dolores,
874 3824 1022 3883 exspectans
1040 3820 1072 3870 ab
1091 3823 1151 3867 onere

106 3889 217 3940 liberari.
514 3924 519 3931 -

138 3957 224 4011 Omnis
239 3961 369 4017 nectara,
382 3955 471 4020 idest,
482 3955 669 4008 omoesmumii
680 3958 764 4023 pertas
774 3953 850 4009 simui
863 3957 1010 4022 suspirant:
1023 3962 1150 4018 uererer
