2520 4440
331 250 499 303 deletrix
517 251 743 306 EXPOSITIO.
763 253 845 305 CAP.
865 254 932 306 itii.
1110 257 1162 310 599

92 338 138 395 lus
152 358 160 395 t
174 341 227 395 ubi
250 343 384 399 auditus?
405 347 433 399 Si
456 351 545 399 totum
569 348 637 405 tum;
649 345 692 393 ubi
706 344 732 394 id
743 358 787 407 per
800 345 866 407 quod
878 335 1053 396 audiendum?
1064 348 1085 396 sl
1097 346 1162 397 nibil

91 417 208 472 auditus
223 435 230 473 :
245 419 294 472 ubi
306 419 464 474 odoratus?
568 415 616 462 uisi
634 426 724 474 eures,
736 414 780 464 ubl
792 416 883 464 naresi
895 414 1003 465 Eosdem
1022 416 1094 465 docet
1107 428 1161 479 spe·

567 484 653 565 oiatim
663 482 730 546 quod
741 483 882 565 neeessurlu
892 484 925 532 sit
935 485 1107 535 membrorum
1120 498 1164 536 ru·

1133 623 1162 672 i

88 673 168 730 Deus
191 677 336 744 membru,
359 681 542 748 unumquod-
565 698 681 748 corpore,
695 699 804 748 quorum
826 689 963 749 unicuique
981 688 1066 737 looum
1085 701 1161 739 suum

89 767 150 820 que
169 768 270 807 eorum
283 755 312 806 in
332 769 451 823 corpore
470 757 541 809 sicut
564 759 589 804 et
607 769 719 816 munus,
738 769 783 819 pro
803 769 850 806 suo
871 757 1015 818 voluntate,
1040 769 1091 808 uon
1114 771 1162 821 pro

88 831 192 885 uoluit.
563 827 667 886 merito,
684 825 762 875 dedit.

593 894 644 944 lloo
658 898 683 944 et
695 893 725 943 de
741 895 848 957 mystico
863 894 955 944 Christi
969 907 1072 958 corpore
1085 895 1162 945 iutel-

563 961 626 1023 ligo,
643 962 711 1025 quod
722 963 787 1012 Deus
799 965 920 1012 vurletute
936 963 1108 1013 membrorum
1120 967 1162 1013 in-

561 1035 665 1092 struxit,
687 1036 711 1082 et
734 1033 933 1094 unumquodque
953 1033 1096 1083 membrum
1115 1047 1162 1083 suo

562 1100 616 1151 loeo
636 1105 660 1151 et
677 1101 758 1150 oilleio
776 1102 930 1162 destinavit,
948 1105 977 1151 ut
991 1101 1028 1150 illi
1041 1101 1159 1163 placuit:

562 1183 604 1220 eos
621 1183 678 1233 ergo
692 1170 764 1220 dooet
781 1183 826 1220 suo
840 1171 896 1220 loeo
913 1174 938 1219 et
951 1171 1016 1220 dono
1030 1174 1161 1222 contentos

562 1251 629 1298 esse,
641 1243 666 1288 et
681 1239 725 1288 liei
745 1238 868 1288 voluntati
881 1239 1026 1288 submissos.

128 1302 175 1355 le.
200 1297 281 1362 Quod
298 1298 323 1351 si
339 1305 431 1352 essent
446 1303 539 1354 omnia
592 1307 661 1369 Quod
681 1310 702 1356 si
722 1320 792 1356 nuno
809 1309 895 1357 omniu
909 1307 1022 1356 membru
1038 1309 1065 1356 iu
1079 1321 1160 1358 unum

93 1392 184 1432 uuum
206 1376 378 1442 membrum,
401 1378 451 1430 ubi
474 1394 539 1432 eor·
563 1378 750 1439 redigerentur,
766 1377 811 1426 ubi
825 1378 937 1439 eorporis
948 1377 1100 1426 harmoniai

93 1454 170 1521 pus?

123 1617 234 1670 Eosdem
244 1621 325 1682 pergit
339 1621 462 1669 instruere
473 1625 498 1670 et
511 1620 602 1680 solari,
616 1623 675 1683 ipsis
691 1623 823 1684 speciatim
836 1620 939 1683 dieens,
953 1620 1020 1682 quod
1037 1633 1088 1670 non
1101 1634 1160 1684 pos-

94 1691 146 1740 sint
156 1700 247 1738 omnes
260 1690 399 1750 superiores
415 1693 439 1738 et
453 1689 587 1739 nobiliores
599 1693 681 1752 partos
693 1703 759 1752 esse,
772 1690 816 1740 sed
827 1692 998 1740 necessarium
1016 1692 1048 1738 sit
1061 1690 1094 1739 ad
1105 1701 1161 1741 eor-

94 1759 163 1822 poris
178 1755 316 1805 utilitrtem
328 1759 352 1805 et
363 1755 500 1817 decorum,
514 1761 542 1805 ut
553 1756 609 1805 eliae
622 1760 682 1808 sint.

124 1834 155 1885 Si
168 1837 250 1882 totum
260 1844 350 1894 eorpus
363 1831 395 1880 ed
407 1831 511 1881 oeulum
523 1832 653 1881 reductum
664 1836 744 1893 esset,
758 1833 802 1882 ubl
813 1833 838 1881 ld
851 1844 895 1895 per
909 1831 975 1892 quod
986 1830 1160 1881 audiendum?

94 1901 193 1953 sinibil
207 1901 257 1950 nisi
272 1912 361 1962 aures,
376 1901 419 1950 ubi
433 1904 526 1951 naresi
536 1901 604 1951 ldem
622 1901 731 1963 intellige
744 1901 774 1950 de
788 1903 894 1963 mystico
906 1900 998 1950 Christi
1010 1896 1159 1962 eorpore5'si

94 1983 184 2021 omnes
197 1972 281 2019 esseut
300 1969 430 2030 doctores,
447 1971 490 2018 ubl
508 1969 643 2032 discipuli?
660 1971 681 2018 sl
695 1981 782 2018 omnes
795 1968 928 2028 docentes,
950 1967 993 2017 ubl
1009 1968 1159 2035 audientes?

94 2041 144 2092 boe
157 2040 223 2090 toret
236 2041 414 2101 incongruum.

127 2126 166 2174 ie.
181 2123 253 2173 Nune
264 2128 348 2171 eutem
363 2123 448 2185 posuit
456 2124 532 2172 Deus.

124 2195 158 2246 llt
168 2193 259 2244 doeeut
270 2205 312 2243 eos
330 2206 375 2243 suo
388 2193 442 2244 loeo
453 2198 478 2243 et
491 2194 572 2243 officio
592 2195 737 2252 contentos,
750 2192 880 2241 communi
894 2189 1011 2241 lloolesiae
1028 2191 1093 2240 bono
1113 2203 1160 2254 pro

93 2265 194 2316 viribus
207 2265 260 2313 suls
271 2263 398 2325 laborare,
410 2265 518 2313 reourrIt
530 2264 562 2312 ud
575 2262 618 2311 llel
632 2261 788 2312 voluntatem
798 2263 852 2322 jum
868 2261 932 2324 supe
948 2260 1089 2322 allegatum.

124 2334 200 2384 Siout
216 2330 282 2382 Deus
293 2345 338 2394 pro
352 2345 396 2382 sun
411 2332 541 2381 voluntate
559 2333 629 2381 varia
648 2331 761 2380 membra
776 2332 860 2393 posuit
871 2332 898 2379 ln
911 2330 1023 2379 humano
1042 2341 1158 2391 eorpore;

93 2407 182 2466 sieque
192 2401 325 2453 eolloearit
335 2415 365 2452 eo
374 2405 459 2452 omnia
468 2440 475 2463 ,
485 2407 509 2452 et
519 2402 552 2451 ud
566 2414 642 2451 suum
653 2403 784 2464 proprium
796 2400 932 2450 destinarit
946 2400 1055 2450 oliioium
1066 2405 1124 2460 ,ut,
1136 2402 1158 2451 si

92 2472 182 2522 loeum
195 2474 240 2519 uut
250 2483 344 2521 munus
357 2473 512 2532 mutaveris,
532 2482 622 2533 eorpus
636 2471 782 2519 universum
794 2470 931 2532 perdideris
943 2489 950 2530 ;

125 2542 164 2591 lta
181 2545 206 2590 et
225 2540 256 2589 de
269 2543 375 2603 mystieo
388 2540 481 2590 Christi
499 2552 602 2602 corpore
619 2538 706 2588 :Deus
724 2539 787 2588 illud
808 2541 928 2588 varietate
943 2539 1114 2589 membrorum
1134 2541 1159 2586 et

93 2610 242 2661 diversitate
257 2609 381 2660 donorum
397 2611 534 2670 instrurlt;
549 2608 746 2670 unumquodque
761 2609 904 2658 membrum
921 2607 1037 2658 suo'loeo
1056 2612 1082 2656 et
1099 2621 1159 2657 rnu-

92 2678 404 2808 nelrlraggzuzrgvsseammffl
413 2760 459 2798 eur
470 2749 526 2797 slei
538 2749 563 2795 ot
577 2759 623 2795 eur
637 2758 687 2794 uon
700 2747 753 2795 sie?
767 2744 874 2794 sufficiat
883 2742 930 2792 tibi
942 2744 1007 2792 seire
1017 2740 1084 2803 quod
1092 2741 1158 2798 usus

95 2817 132 2867 lta
145 2816 236 2867 rulult.

127 2892 172 2942 liei
183 2889 339 2939 voluntatem
352 2888 444 2951 adore,
462 2894 593 2952 penetrare
605 2902 637 2939 ne
648 2889 793 2938 tentaveris.

127 2966 251 3017 Dominus
267 2970 302 3014 est
317 2964 371 3015 :illi
390 2976 447 3026 ergo
463 2965 585 3025 subjicere
594 2985 602 3025 ;
616 2963 702 3013 divina
717 2961 833 3013 voluntas
853 2963 886 3010 sit
899 2965 949 3010 tuoe
966 2960 1103 3011 voluntatis
1117 2973 1158 3010 re-

96 3037 166 3101 gule5
176 3034 213 3084 illi
222 3033 331 3084 totaliter
342 3034 480 3084 submissus
489 3034 596 3096 ,tuique
608 3037 675 3084 sorte
686 3035 831 3091 contentus,
844 3030 927 3079 labora
937 3042 981 3093 pro
993 3034 1037 3079 tuo
1047 3029 1157 3079 modulo.

127 3107 175 3156 Pes
187 3107 220 3154 sit
241 3116 287 3154 suo
303 3103 358 3154 loeo
381 3108 406 3153 et
424 3115 530 3153 munero
543 3105 692 3163 contentus,
713 3102 772 3164 quia
792 3100 828 3150 sle
842 3099 922 3150 uoluit
945 3101 1026 3162 Deus,
1043 3102 1160 3155 omnium

97 3179 197 3225 ereator
209 3176 233 3221 et
248 3173 376 3222 dominus.

130 3242 440 3304 Sleauiemroluit,quia
457 3247 494 3292 est
505 3239 674 3291 conducibile.
715 3214 718 3223 Ι

129 3312 244 3367 Proderit
254 3312 300 3361 tibi
313 3312 456 3362 interiorem
475 3312 565 3371 luisse,
575 3313 600 3358 et
612 3311 643 3359 ob
655 3309 681 3359 id
691 3310 770 3359 Deum
782 3308 895 3360 laudabis
908 3311 936 3358 in
951 3312 1081 3361 aeteruum.

131 3398 171 3456 te.
192 3395 378 3454 Quodsiesseot
389 3396 473 3444 omnio
486 3407 566 3443 uuum
577 3393 746 3442 membrum...

128 3465 230 3530 liepeut
243 3464 309 3527 quod
318 3467 371 3526 jam
382 3463 476 3526 pluries
487 3464 565 3523 dixit,
581 3462 677 3512 scilieet
692 3464 719 3512 in
738 3465 844 3524 mystico
857 3461 949 3512 Christi
963 3473 1081 3525 corpore,
1092 3463 1158 3512 siout

104 3541 127 3587 et
141 3539 168 3585 in
188 3535 292 3599 corpore
313 3533 422 3584 naturali
431 3568 439 3594 ,
460 3536 627 3584 neeessariam
640 3545 694 3582 esse
710 3531 882 3583 membrorum
899 3532 1092 3582 diversitatem:
1109 3530 1158 3579 boe

104 3605 165 3656 dixit
176 3618 203 3654 n.
218 3605 256 3664 tl,
272 3617 299 3653 rr.
316 3607 353 3654 tr.

132 3675 181 3726 Sed
197 3674 240 3725 bie
249 3686 315 3724 noro
330 3672 405 3723 modo
418 3676 443 3724 et
455 3671 604 3723 sensibiliori
616 3671 803 3734 ,suppositione
816 3669 899 3730 laute,
1016 3734 1020 3739 ‚

132 3744 204 3808 Quod
218 3745 241 3793 si
250 3757 332 3805 nune,
350 3755 395 3806 per
408 3742 452 3793 iter
463 3743 779 3804 omnipotentiam,omnia
792 3741 901 3802 eorporis
914 3738 1026 3787 membre
1038 3738 1066 3786 ln
1078 3746 1160 3785 unum

103 3815 275 3876 redigerentur
290 3831 297 3862 ε
313 3812 357 3862 ubi
366 3811 430 3861 foret
438 3812 549 3874 somus?
559 3811 591 3860 ud
601 3811 661 3872 quid
670 3810 752 3861 utile?
764 3820 816 3860 uon
825 3811 889 3860 esset
899 3819 990 3870 eorpus
1002 3807 1158 3875 organicum,

102 3883 147 3937 sed
159 3895 282 3933 maneum
292 3884 318 3931 et
328 3878 428 3931 inutile.

131 3950 204 4019 idem
212 3948 368 4023 intelbeede
381 3950 488 4010 mystico
498 3946 590 3999 christi
607 3957 718 4010 corporo.
