2520 4440
98 268 133 320 'lo
395 265 595 321 EPISTOLAE
615 265 664 318 Ar>
680 260 867 318 ualidus

127 360 176 410 Lex
195 360 312 423 equidem
329 363 396 412 iuter
408 361 458 412 hoc
473 363 622 425 peccatum,
638 372 695 410 om·
752 360 798 412 20.
814 360 868 410 Lex
884 358 979 409 autem
996 346 1138 407 subruerit

97 431 171 478 nium
182 432 343 492 peccatruum
355 429 500 490 exordium,
514 431 539 478 et
551 430 617 477 iuter
628 426 695 477 hunc
718 443 749 490 ut
759 434 915 490 abundaret
933 431 1063 485 delictum
1079 443 1087 480 r
1102 424 1138 479 ubl

98 497 275 558 obedientiam,
283 499 413 548 exordium
422 511 495 548 norm
503 498 616 558 iustitia,
624 496 695 557 quusi
718 518 811 567 amem
835 507 989 564 abundavit
1011 505 1137 566 defletum,

98 567 129 616 de
142 571 284 617 transverso
297 568 452 627 luterreult3
467 570 493 615 et
508 564 609 615 tuntum
626 564 697 613 abest
720 607 752 646 su
789 588 958 645 mundavit
969 576 1075 656 μή...

98 640 127 685 ut
139 639 275 704 peccatum
290 635 442 696 aboleverit3
458 632 509 684 lmd
522 647 566 697 per
577 646 633 683 eum
646 633 697 683 lae·
753 605 789 660 pe

97 707 153 754 tum
165 708 216 764 est,
228 703 287 754 licet
296 717 341 767 per
352 704 481 764 accidens,
491 707 520 753 ut
531 704 612 765 magis
620 703 696 765 quim
771 743 774 747 ,

98 777 157 822 unte
167 773 305 824 abundarit
314 773 436 823 delictum
448 793 457 823 r
471 773 514 822 uhi
527 778 613 822 autem
626 785 698 822 occu·
756 814 760 821 .

98 843 169 891 sione
179 841 241 904 legis
254 842 362 892 invalult
376 846 526 905 peccatum,
544 853 589 904 por
601 841 702 891 adven-¹

97 915 154 959 tum
164 910 259 960 Christi
272 911 559 973 superabundatgrrua.
807 951 809 955 ,

128 979 161 1028 Ut
171 981 237 1041 sicut
250 979 372 1040 usquead
383 979 409 1028 id
421 983 585 1041 tempus,per
597 981 697 1028 univer·
755 975 800 1028 21.
813 975 860 1040 Ut,
873 972 947 1027 sicul
957 967 1082 1040 romuli
1091 979 1142 1035 ped·

98 1060 156 1097 sum
170 1047 256 1096 orbem
266 1050 395 1108 ‚regnavit
404 1051 546 1110 peccatum,
554 1051 698 1110 peccatores
720 1058 813 1107 catum
821 1053 853 1105 in
864 1056 1004 1116 monem,
1016 1049 1142 1113 itaetgm

129 1231 169 1278 20.
182 1231 229 1278 ion
238 1234 322 1280 autern
333 1228 516 1280 subintravit...
527 1228 564 1278 lle
575 1229 607 1278 ob
617 1227 714 1278 dictum
723 1241 750 1278 u.
763 1230 801 1277 13.
813 1240 892 1291 usquc
902 1227 938 1276 od
951 1224 1143 1289 nocumentum
1179 1236 1181 1253 =

99 1303 153 1347 erat
160 1299 188 1346 in
195 1300 303 1357 mundo,
312 1302 413 1360 putaret
422 1299 480 1359 quls
489 1310 534 1359 per
545 1296 625 1359 legem
636 1296 759 1347 abolitum
773 1296 850 1346 luisse
860 1298 996 1358 peccorum
1002 1313 1011 1357 ς
1023 1287 1143 1363 opmdudb
1179 1294 1181 1301 '

99 1363 161 1414 dicit
179 1365 223 1416 hio
245 1365 394 1429 Apostolus,
412 1365 480 1426 qudd
503 1365 604 1415 tantum
619 1364 702 1426 abest,
719 1367 748 1414 ut
766 1377 810 1428 per
826 1365 907 1426 legem
927 1363 1022 1428 Moysis
1035 1359 1143 1413 subletum

100 1434 175 1486 luerit
190 1440 323 1498 peecatum
333 1473 340 1496 ‚
352 1437 414 1497 quin
427 1434 510 1497 potiris
520 1435 601 1498 magis
614 1434 758 1485 invaluerit.
888 1491 892 1495 ,

127 1500 213 1564 tuque
226 1504 376 1553 teodemiro
389 1504 554 1562 subintravit,
567 1504 654 1565 idest,
666 1505 738 1566 quasi
749 1494 780 1552 de
792 1505 935 1553 transverso
947 1499 1082 1551 intervenit
1092 1498 1144 1547 iuter

99 1571 230 1621 exordium
245 1576 341 1636 peceati
359 1576 384 1622 et
395 1571 525 1621 exordium
536 1575 635 1634 gratie,
648 1585 692 1622 seu
704 1584 775 1622 noum
788 1573 912 1633 lustitia:
925 1576 956 1620 ut
968 1570 1103 1625 abundaret
1112 1565 1144 1615 de

101 1640 252 1703 lictum,·ut‚
264 1643 389 1705 significet
401 1642 536 1701 ellectum,
549 1654 600 1692 non
614 1655 727 1692 causum.
965 1678 968 1687 .
992 1638 1002 1647 “

129 1710 179 1760 Lex
191 1713 293 1774 quidem
305 1715 425 1774 intravit,
442 1716 466 1761 et
477 1711 534 1761 data
548 1715 586 1761 est
601 1715 672 1774 quasi
686 1711 849 1774 pedagogus,
860 1713 889 1759 at
905 1702 1144 1769 hominihus'prtctr-

99 1783 166 1829 cerci
179 1780 273 1830 dumne
291 1784 388 1844 peccati
399 1818 407 1842 ,
418 1793 509 1842 eosque
523 1780 625 1831 duceret
641 1781 673 1831 ud
688 1781 832 1849 Christum,
845 1781 890 1842 qui
906 1780 1011 1828 sanaret
1031 1775 1084 1825 illos
1094 1786 1101 1823 r
1112 1770 1143 1823 sed

98 1860 143 1911 per
156 1861 213 1899 eam
229 1849 325 1900 lactum
340 1855 390 1912 est,
404 1863 449 1912 per
462 1849 579 1899 accidens
595 1853 697 1911 tamem
712 1853 741 1899 ut
752 1849 834 1912 mugls
847 1849 926 1912 dudm
945 1846 1006 1899 uutd
1024 1840 1145 1899 ubunfflftb

99 1916 220 1968 delictum
233 1939 240 1968 :
254 1920 301 1968 ubi
315 1925 399 1968 autem
415 1919 555 1968 abundauit
570 1918 686 1970 delictum
698 1939 707 1968 .-
717 1919 743 1968 id
759 1922 813 1980 est,
973 1952 976 1957 -
1179 1956 1181 1963 .

129 1987 263 2048 Postquam
274 1993 359 2038 autem
369 2025 376 2049 ,
385 1990 517 2038 occasione
530 1987 604 2050 legis,
619 1988 726 2051 incaluit
738 1992 872 2051 peecatum
885 1989 911 2036 et
921 1985 1037 2037 mundus
1045 1981 1077 2033 ed
1086 1991 1142 2032 sun·
1178 2008 1181 2015 ·

98 2068 170 2105 mum
181 2058 307 2106 mulorum
317 2058 404 2119 renim
414 2062 477 2106 tuuc
488 2059 580 2107 missus
593 2061 632 2106 est
643 2056 774 2119 Christus,
786 2059 860 2119 cujus
874 2054 989 2105 adventu
1003 2049 1143 2117 aupuubtr

98 2125 169 2175 douit
179 2125 275 2187 oratio.
886 2130 889 2135 '

127 2197 167 2243 it.
181 2196 210 2244 Ut
227 2197 292 2245 siout
306 2195 420 2256 recussit
434 2199 562 2257 peccatum
577 2198 604 2244 in
613 2200 727 2244 mortem.
744 2194 801 2258 Syr.
823 2205 868 2259 per
883 2191 1059 2254 mortem51tu
1073 2188 1141 2251 round
1177 2198 1181 2209 ·

97 2265 177 2322 gretia
188 2275 232 2324 per
247 2264 389 2324 justitiam,
401 2266 450 2312 etc.

129 2331 367 2392 Superabundooit,
384 2331 502 2390 inquam,
513 2329 606 2392 gratio,
619 2335 647 2380 ut
660 2333 726 2380 sicut
739 2328 861 2392 usquead
873 2328 900 2379 ld
912 2332 1016 2395 tempus
1026 2366 1034 2390 ,
1045 2338 1087 2390 per
1095 2322 1140 2374 uui·

97 2405 199 2447 uersum
217 2399 303 2447 orbem
314 2401 428 2461 reunauit
445 2407 587 2462 peccaturo,
600 2404 743 2465 peccatores
753 2402 781 2448 ln
796 2403 905 2449 mortem
919 2398 1084 2462 peruuhcus,
1099 2396 1139 2442 lam

98 2468 276 2529 temporalem,
292 2472 348 2517 tum
370 2472 489 2518 aeternom
499 2469 557 2530 rito
579 2471 664 2532 oratio
681 2469 788 2528 Christi,
804 2468 932 2518 destructo
950 2469 1049 2530 peceati
1067 2472 1138 2525 regat.

98 2542 181 2599 reynel
190 2551 236 2599 per
245 2536 386 2600 justitiam,
394 2550 450 2598 qua
460 2539 487 2587 in
495 2541 575 2588 vitum
588 2539 709 2602 perducat
718 2542 838 2587 uternam
849 2555 857 2586 r
867 2551 916 2600 per
924 2538 1012 2587 besum
1023 2534 1138 2586 camno.

99 2607 142 2667 qui
156 2607 223 2657 siout
240 2605 307 2661 hunc
316 2607 441 2667 justitiam
454 2608 482 2656 in
501 2608 573 2658 nobis
584 2609 673 2669 etlicit;
685 2610 720 2657 itu
737 2611 762 2656 et
772 2609 851 2657 vitem
863 2605 934 2658 dubit
946 2605 1021 2655 nobis
1032 2608 1136 2654 eternum.

101 2719 270 2771 corollarium
285 2720 400 2782 pictatis,
414 2721 496 2770 eruin
512 2721 558 2771 boc
574 2722 653 2784 capite
664 2724 688 2770 5.
702 2719 810 2770 unanimi
822 2720 935 2770 notarrda
947 2720 988 2789 ¹od
999 2716 1137 2782 piemwwl

397 2791 425 2838 in
438 2792 541 2852 pronirn
554 2790 697 2840 accuratius
711 2791 857 2852 rediumda.

129 2897 274 2948 Annotcndi
284 2898 386 2960 quidem
397 2902 457 2948 sunt
474 2911 562 2948 omncs
581 2899 624 2948 hic
643 2912 669 2948 u.
683 2903 705 2959 t,
720 2902 745 2962 2,
758 2903 782 2959 3,
795 2903 832 2949 11.
847 2900 992 2949 enumerati
1005 2896 1136 2965 australib-

98 2968 243 3018 tisscatiuuis
262 2968 381 3030 effectus,
396 2973 421 3018 et
438 2969 469 3018 ob
489 2982 531 3018 eos
547 2971 673 3018 continua
688 2969 739 3018 lieo
754 2969 821 3018 Patri
841 2971 947 3030 nostro,
964 2972 991 3018 et
1008 2967 1038 3017 Ι).
1055 2966 1083 3016 Ν.
1095 2964 1135 3012 issu

98 3039 212 3101 Christo,
226 3043 311 3089 nostro
328 3039 527 3100 reconciliatori,
544 3042 630 3100 graue
648 3040 749 3101 agenda
764 3059 770 3088 ε
784 3039 840 3089 illos
856 3039 916 3089 vlde
932 3041 961 3089 ln
981 3040 1035 3088 suis
1046 3030 1137 3086 loeislt

98 3109 236 3171 presertim
257 3109 424 3172 imprimenda
442 3111 470 3158 in
486 3109 603 3158 cordibus
619 3110 711 3159 nostris
728 3109 779 3157 duo
796 3110 849 3171 spei
865 3112 961 3168 nostru
979 3106 1137 3158 fundumcutu

99 3191 172 3229 uum.
186 3180 210 3239 5,
220 3182 245 3228 6.

128 3247 235 3296 Puderet
243 3259 289 3297 uos
297 3246 465 3296 homunculos
474 3245 518 3295 Ilei
531 3245 635 3307 glorium
643 3257 753 3309 sperare,
761 3246 811 3294 nisi
822 3244 1003 3296 firmissimum
1011 3243 1137 3295 haberemur

98 3316 175 3376 hujus
186 3317 239 3378 spel
251 3315 442 3367 fundumentum
453 3334 460 3375 3
472 3315 599 3375 quodnam
616 3315 691 3375 igitur
705 3317 742 3362 est
752 3312 835 3362 illud?

129 3386 231 3435 Constat
251 3384 368 3446 equidem
387 3384 454 3446 quod
473 3384 537 3433 Deus
554 3385 632 3446 possit
649 3385 721 3433 nobis
738 3396 812 3433 suam
828 3382 889 3432 darc
909 3382 1019 3446 glorium
1035 3403 1042 3432 ι
1056 3375 1136 3449 rerunt

98 3453 274 3504 tantummodo
285 3452 452 3501 dubitandum
465 3465 499 3502 an
516 3451 577 3501 velit
591 3471 599 3501 r
612 3456 639 3502 at
648 3465 721 3502 amor
734 3452 777 3503 liei
796 3454 823 3501 in
840 3463 888 3502 nos
902 3452 929 3502 ld
942 3454 1074 3502 asseverat.
1086 3442 1137 3497 drdr

98 3522 158 3574 rerd
168 3524 239 3572 hune
250 3524 293 3571 Del
308 3524 334 3570 in
347 3534 392 3571 uos
404 3535 516 3572 umorem
528 3525 665 3572 norimust’
676 3536 706 3572 ex
714 3523 821 3572 duobus.
1132 3578 1136 3590 .

131 3592 199 3651 Quia
210 3592 321 3643 oboritur
329 3589 375 3639 Dei
383 3592 475 3653 diflusa
488 3596 522 3640 cst
530 3592 557 3639 in
569 3591 685 3641 cordibus
693 3593 785 3641 uostris
792 3605 839 3654 per
848 3591 1136 3654 spir-trunsnnnunnt·

99 3663 173 3709 dotus
186 3666 221 3710 ert
229 3659 316 3718 nobis,
325 3675 352 3710 u.
364 3662 388 3710 ⁵.
398 3665 422 3710 et
433 3661 494 3724 quio
507 3660 618 3710 Christus
626 3673 673 3722 pro
684 3661 756 3711 nobis
764 3661 848 3711 adhuc
859 3661 1037 3724 peccatoribus
1045 3661 1136 3708 norun

99 3733 325 3790 ur.n.s,r‚s‚o‚
341 3733 379 3780 ro.
615 3785 617 3789 ,

128 3799 168 3848 En
180 3798 230 3846 duo
244 3799 323 3849 divini
337 3801 363 3848 in
374 3813 420 3849 nos
431 3802 524 3851 umoris
534 3803 681 3862 argumenta
696 3800 848 3851 luluIIIblllu.

128 3867 195 3916 Deus
211 3868 247 3915 ila
264 3879 304 3915 me
322 3867 423 3928 dilexit,
436 3872 465 3916 ut
476 3867 569 3917 Filium
587 3881 663 3918 suum
682 3871 841 3930 unigenitum
852 3883 915 3934 ‚pro
928 3883 972 3923 mc
990 3873 1078 3922 misero
1092 3871 1137 3925 prr·

100 3940 183 3985 colore
192 3971 201 3997 ,
209 3933 339 3984 tradiderit
351 3937 378 3984 iu
386 3940 503 3986 mortem.
512 3935 578 3988 Deus
591 3939 676 3989 ltamc
684 3937 825 4003 dileuit,ut
836 3941 863 3991 la
876 3941 935 3992 med
947 3953 992 4007 per
1003 3937 1137 4003 Bapdmuffi
