2520 4440
350 229 517 282 TRIPLEX
533 230 754 286 iixoosrrio
774 233 856 288 GAP.
876 236 916 288 ii.
1132 247 1160 292 tt

97 361 1164 401 Q

430 479 567 554 CAPUT
588 480 834 560 SECUNDUM.

772 646 958 686 Pthteunttits.

96 753 122 801 i.
189 749 383 818 nonuunquod
397 748 528 804 inexcusa
604 753 1107 817 rphilosophi,quia1icumetiustitlam
1118 753 1162 806 bei

137 760 255 880 Pisilis
264 841 308 890 eS,
319 827 428 880 ohomo
438 829 547 893 omnis,¹
565 770 742 885 Snovcrunt,
754 829 814 874 sunt
827 827 854 874 iu
867 826 977 888 peccatis
990 825 1043 873 suis
1058 826 1163 874 inexcu-

97 903 144 968 qui
156 901 270 969 judicas
284 920 290 956 :
304 902 332 955 in
346 917 403 970 quo
416 904 543 970 gnimju.
564 895 670 954 sabbis,
690 894 750 943 sani
766 897 791 943 et
806 897 851 953 tu,
864 893 878 942 b
890 893 966 942 horno
981 893 1095 954 quisquis
1113 893 1162 952 sis,

96 981 177 1033 dicas
190 981 310 1033 algerum
339 982 459 1048 teipsum
471 996 541 1035 con·
564 967 607 1027 qui
630 964 738 1013 aliorum
758 962 849 1016 delicia
865 963 965 1023 iudicas
988 967 1014 1011 et
1037 961 1162 1022 damuas;

97 1057 233 1120 demnas,
263 1021 363 1112 ead'em
386 1059 463 1112 enim
482 1060 542 1129 agis
565 1032 653 1081 eadem
666 1034 752 1079 tamen
766 1033 942 1091 committens,
955 1031 1025 1079 omni
1037 1043 1107 1087 cares
1118 1043 1162 1079 ex-

175 1133 182 1146 .
229 1136 235 1148 .
565 1100 713 1147 cusatione=
728 1096 758 1145 cb
774 1099 844 1146 enim
862 1099 915 1159 ipso
931 1110 981 1157 quo
1003 1096 1067 1148 alios
1088 1097 1162 1147 dam-

97 1135 294 1201 quaeludmas·
564 1180 629 1227 nes,
644 1168 670 1214 et
691 1169 718 1214 in
742 1167 904 1227 temetipsum
922 1164 971 1212 fers
993 1167 1161 1226 sententiam

478 1256 484 1268 r
565 1234 725 1352 P¹³¹¹¹lf³d³m
734 1233 827 1283 scelera
838 1236 977 1295 perpetres,
987 1245 1043 1294 quae
1056 1233 1162 1283 damnas

565 1318 592 1353 m
603 1317 617 1352 a
630 1317 669 1353 us.

114 1375 159 1446 Ι9.
177 1371 288 1427 Scimus
311 1373 386 1427 euim
407 1374 541 1440 quoniam
595 1374 695 1424 Scimus
710 1375 779 1423 onim
798 1371 865 1434 quod
876 1374 941 1423 tiens
952 1373 985 1422 sit
1000 1373 1098 1422 summi
1107 1374 1150 1432 jus

125 1550 188 1600 Cir.
205 1549 237 1599 11.
254 1553 277 1598 i.
290 1549 400 1611 Propter
413 1551 480 1610 qood
491 1549 668 1599 inexcusabilis
683 1565 746 1600 en...
759 1549 835 1599 Valde
847 1551 973 1615 incertum
986 1551 1039 1612 cst,
1053 1550 1085 1599 ad
1099 1553 1160 1611 quoa

95 1621 150 1669 hoec
159 1619 237 1669 verba
248 1619 338 1680 dirigat
349 1619 481 1681 Apostolus
490 1657 496 1680 ,
505 1621 607 1675 otcirca
618 1620 666 1670 hoc
680 1622 715 1670 ita
729 1620 802 1669 divisi
814 1624 874 1669 sunt
886 1623 1033 1683 interpretes
1045 1622 1119 1679 sacri,
1134 1626 1160 1669 ut

95 1688 147 1738 iere
156 1691 221 1749 quot
232 1689 329 1750 capita,
342 1691 379 1736 tot
390 1701 479 1738 sensus
486 1709 494 1751 ;
506 1692 572 1739 sicut
588 1688 629 1738 eos
641 1688 732 1750 legenti
743 1691 838 1752 patebit
850 1710 856 1738 z
870 1689 943 1738 aliter
953 1691 1021 1738 euim
1031 1689 1059 1738 ii.
1071 1689 1159 1752 Chrys.

95 1758 170 1808 aliter
180 1758 298 1808 Ambros.
307 1758 381 1808 aliter
392 1759 420 1808 b.
433 1759 496 1821 Aug.
508 1760 582 1809 aliter
593 1759 619 1809 S.
629 1760 742 1809 Ansclm.
752 1760 826 1810 aliter
839 1759 868 1809 ii.
880 1760 998 1820 Thomas,
1005 1757 1077 1808 aliter
1086 1763 1160 1820 atqua

96 1829 170 1878 aliter
183 1829 298 1890 plerique
314 1831 476 1879 recentiores.
804 1822 807 1829 ’

125 1899 156 1948 l).
166 1899 291 1960 Chrysot
300 1902 357 1960 post
370 1912 429 1948 oum
439 1899 519 1950 Graeoi
530 1900 579 1949 hoc
588 1899 619 1948 de
627 1899 786 1961 Principibus
795 1902 820 1948 et
829 1898 1013 1968 Magistratibus
1020 1901 1161 1960 prasertim

97 1968 219 2033 Romanis
233 1967 395 2028 intelligunt:
407 1970 579 2018 sictamenut
597 1971 678 2018 cuivis
689 1968 835 2018 mortalium
852 1971 928 2017 etiarn
945 1970 1111 2032 conveniant,
1125 1970 1162 2017 ait

98 2037 311 2100 Theophylactus.
320 2037 350 2087 Il.
358 2037 463 2100 August.
475 2041 564 2100 etpost
575 2041 658 2100 ipsum
668 2040 837 2087 communiter
845 2038 936 2105 Latini,
947 2036 977 2085 de
989 2035 1047 2085 solis
1058 2037 1159 2097 triberis,

98 2110 140 2168 qui
157 2107 213 2169 lego
232 2106 342 2155 blosaicA
362 2108 494 2169 instructi,
508 2108 648 2158 Gentilium
667 2107 761 2157 scelera
782 2106 971 2168 judicabantur
989 2104 1159 2167 damnabant,

98 2177 185 2226 eadem
199 2179 286 2231 tamen
298 2177 484 2238 perpetrabant.

127 2244 279 2295 inhaerendo
303 2244 410 2304 litterae,
432 2245 532 2295 videtur
550 2247 617 2308 quod
636 2258 724 2297 omues
749 2240 854 2298 omnini
870 2244 1013 2308 judicantes
1029 2243 1160 2308 Apostolus

97 2319 187 2377 arguat
198 2312 564 2376 ;paulattmrerbadludaeos
580 2319 700 2366 transeut.
1029 2363 1032 2374 ,

127 2386 156 2434 Ιιι
166 2384 216 2433 hic
225 2381 283 2445 ergo
290 2395 412 2432 sensuum
420 2384 541 2433 varietate
551 2385 662 2435 inhaereo
672 2387 753 2435 textui
760 2384 901 2449 Apostolico
907 2389 946 2447 ;et
954 2386 1013 2446 quia
1023 2399 1050 2434 n.
1061 2383 1157 2446 hlego:

97 2457 179 2504 Homo
194 2453 290 2511 omnm,
301 2451 463 2514 qoijodicos.
474 2466 500 2502 n.
511 2457 537 2502 9.
552 2455 636 2503 Juooei
648 2452 797 2518 primaim'ct
811 2456 896 2506 mori.
909 2468 935 2503 n.
951 2459 987 2504 10.
1004 2456 1092 2503 Juooeo
1101 2455 1159 2515 pri-

97 2524 200 2573 meimet
212 2524 304 2579 Graeom
316 2521 470 2583 inter-onnon
479 2521 611 2584 Apostolus
620 2536 707 2574 omnes
716 2524 894 2572 indifferenter.
900 2523 1035 2584 alloquitur
1044 2522 1158 2571 homines

96 2596 139 2655 qui
148 2593 284 2654 judicatum
297 2594 349 2640 sive
361 2591 440 2640 ludaei
450 2592 516 2652 sini,
526 2594 580 2641 sive
592 2595 700 2655 pagani,
713 2595 765 2642 sive
774 2593 872 2653 iudices
884 2592 979 2642 fuerint
992 2591 1096 2654 publici,
1106 2594 1159 2640 sive.

96 2663 328 2724 hominesprirati.
340 2660 455 2710 Publicos
467 2662 569 2722 quidem
580 2660 717 2723 alloquitur
727 2663 826 2722 iudices
836 2680 844 2722 i
855 2664 898 2722 qui
911 2661 941 2710 eb
954 2661 1057 2710 liberius
1068 2673 1158 2721 pecca-

96 2735 158 2784 bant
168 2771 176 2794 ,
188 2732 239 2795 qub
255 2734 376 2792 majorem
388 2735 536 2796 potestatem
548 2731 690 2799 habebant,
700 2734 778 2794 etqui
792 2744 819 2781 se
830 2733 911 2792 justos
923 2730 1125 2789 arbitrabuntur,
1137 2732 1158 2778 si

97 2807 202 2863 ceteros
218 2802 382 2851 damnabant.
503 2853 506 2859 ,
1038 2811 1041 2817 ’

126 2873 242 2922 Privatos
259 2873 336 2921 etiam
356 2871 472 2920 homines
492 2870 642 2932 alloquitur,
664 2873 707 2934 qui
724 2884 777 2921 sese
796 2871 887 2921 mutuo
901 2870 1062 2931 iudicabant;
1078 2867 1159 2917 turini

97 2942 208 3006 paganos
220 2944 245 2990 ct
255 2943 345 3004 pagani
353 2940 465 3000 ludaeos;
474 2944 502 2988 ui
511 2941 616 2990 notato.
625 2941 714 3004 Chrys.
725 2946 749 2990 et
760 2945 815 3002 post
827 2954 887 2990 eum
898 2941 926 2990 b.
939 2941 1055 2989 Thomas.
1066 2937 1158 2987 Omnes

97 3011 154 3074 ergit
174 3010 318 3072 iudicantes
328 3013 397 3058 taxat
405 3029 412 3070 ς
430 3009 553 3071 paulatim
570 3013 656 3060 tamon
676 3023 729 3059 sese
744 3009 777 3058 ad
790 3009 854 3058 solos
866 3008 964 3057 ludaeos
976 3008 1115 3066 convertit,
1129 3011 1158 3054 ui

96 3082 189 3144 legenti
201 3082 279 3141 patet.
592 3110 596 3129 ι
1042 3117 1046 3124 .

126 3153 239 3213 Propter
250 3150 326 3212 quoni.
339 3148 382 3198 Gr.
392 3145 426 3192 διὸ
437 3148 509 3209 ideo,
521 3149 641 3211 proinde,
655 3148 734 3201 illatio
750 3161 781 3198 ex
793 3147 883 3207 dictis,
899 3147 957 3206 crim
971 3146 1025 3197 hac
1042 3148 1076 3196 ita
1090 3150 1156 3206 sint3

97 3221 185 3280 idest,
204 3219 265 3268 urim
276 3218 420 3280 Philosophi
432 3219 475 3279 qui
492 3218 571 3267 licum
588 3231 655 3278 esse,
669 3217 806 3279 etquidem
818 3219 915 3276 justum
927 3220 1118 3279 noverantcap.
1134 3222 1156 3265 1.

96 3305 123 3340 n.
135 3293 176 3340 32.
192 3291 245 3339 sint
259 3291 285 3337 in
300 3290 353 3337 sois
364 3289 474 3350 peccatis
486 3287 682 3348 inexcusabiles,
700 3291 728 3335 ut
741 3286 792 3344 (llil
803 3299 859 3347 cap.
874 3289 895 3332 1.
909 3298 935 3333 n.
946 3283 1056 3334 tuideo
1067 3286 1092 3332 ei
1110 3289 1156 3343 tu,

96 3361 259 3410 excusatione
278 3370 364 3416 cares,
378 3355 394 3405 b
406 3356 483 3405 homo
498 3359 611 3417 quisquis
624 3359 675 3416 sis,
690 3358 733 3419 qui
748 3354 863 3417 perverse
877 3366 965 3416 agens,
982 3352 1043 3402 altos
1057 3353 1157 3413 judicas

96 3435 120 3480 ct
135 3429 306 3487 condemnas,
323 3428 376 3475 sire
393 3425 498 3488 publico
503 3426 613 3486 jndicio,
631 3429 683 3476 sive
697 3428 803 3488 privato.
844 3463 848 3467 .

126 3502 157 3548 ln
168 3514 217 3561 quo
234 3498 300 3547 enim
308 3496 440 3558 judicos...
452 3496 479 3544 io
489 3498 541 3556 est,
553 3508 582 3544 co
595 3499 664 3545 enirn
676 3498 730 3558 ipso
743 3495 819 3555 quod.
830 3495 890 3557 Syr.-
900 3494 1000 3544 Etenim
1011 3495 1059 3544 hoo
1072 3497 1156 3557 ipsum

95 3568 162 3629 quoa
179 3567 336 3616 condemnas
351 3565 493 3625 proximum
512 3568 600 3624 tuum,
613 3567 732 3626 teipsum
745 3566 797 3626 agis
808 3576 880 3612 rcum
894 3583 900 3611 ι
913 3563 1117 3625 quandoquidem
1129 3567 1155 3612 in

96 3640 126 3686 iis
139 3639 217 3685 etiam
233 3646 291 3695 quoe
302 3633 423 3691 damnas,
436 3635 465 3680 tu
477 3634 529 3694 ipse
540 3635 681 3695 occuparis.
693 3631 779 3680 Eheu!
792 3635 853 3692 quoi
863 3631 938 3680 hodie
950 3632 1081 3692 Doctores,
1091 3632 1157 3682 Con-

96 3709 238 3755 cionatores
248 3741 254 3764 ,
264 3702 376 3763 Magistri
386 3737 393 3760 ,
405 3701 506 3750 ludices
519 3705 547 3750 et
557 3701 730 3763 Magistratus,
743 3714 769 3751 se
780 3714 826 3751 suo
843 3713 885 3751 ore
899 3701 1068 3751 condemnant
1078 3705 1084 3751 l
1096 3701 1156 3761 Qui-

96 3789 204 3837 cumque
212 3775 297 3828 docet,
306 3775 332 3819 ct
341 3783 392 3818 non
401 3770 461 3819 iacit
471 3771 539 3831 quod
548 3771 634 3833 docet;
643 3773 797 3833 quicumque.
805 3771 929 3833 agitquoo
937 3771 1029 3829 inullis
1038 3771 1141 3820 damnat
1147 3789 1155 3828 ;

96 3845 136 3895 hio
149 3859 223 3895 suam
239 3844 320 3905 ipsius
334 3841 405 3889 litem
416 3843 531 3903 instruit,
543 3854 665 3904 suamque
676 3842 789 3904 obsignat
799 3844 950 3892 sententiam
965 3855 972 3888 ι
986 3840 1086 3890 attende
1100 3840 1154 3889 tibi.

124 3929 148 3978 2.
167 3929 270 3979 Samus
286 3924 352 3976 roim
365 3941 371 3972 ι
385 3923 427 3974 Gr.
448 3925 543 3976 autem.
562 3925 617 3989 Syr.
636 3925 710 3990 porro
721 3927 832 3986 scimus,
844 3925 935 3974 scimus
952 3936 1048 3984 omrres;
1059 3920 1156 3972 scilicet
