2520 4440
102 250 156 303 158
401 251 604 305 EPISTOLAE
622 250 871 305 annonarios
897 274 900 279 ·

132 340 306 393 flaocdmlta
322 342 555 406 sebabeant,quid
565 342 698 393 dicemus?
756 322 899 407 50..Quid
928 356 999 412 ergo
1023 343 1159 399 dicemus?

102 408 130 458 Id
139 409 207 470 quod
217 422 257 460 res
267 413 318 471 est,
330 413 452 460 nimirum
466 411 533 472 qudd
546 410 699 471 dentesque
722 419 803 482 Quod
820 420 941 482 flentes,
955 430 1023 484 quae
1034 426 1094 473 non
1106 433 1160 473 aaa·

100 479 225 560 justitiam
239 477 403 560 isecuuddm
422 479 521 543 Deum)
534 493 587 530 non
600 493 699 541 quare·
721 498 851 550 tammus
879 495 1050 563 justitiam.-
1067 511 1159 564 ⁸99¹*

102 546 310 607 bant,1ustrtiam
319 553 405 597 tamen
415 552 475 598 suut
483 548 699 608 mseoutae31dam
721 576 880 629 henderunt
895 572 1038 641 justitiam
1060 575 1160 642 :justi-

653 629 699 678 ω

132 751 509 814 israelautemiegemiustitia
524 753 699 815 quarens,ad
756 757 800 806 dt.
831 753 917 805 lsrael
938 753 1014 807 verb
1035 749 1159 807 mando

101 831 188 870 veram
198 824 285 871 tamen
299 824 424 883 justitiam
435 835 487 873 uon
498 825 621 885 pervenit.
721 830 810 898 legem
817 829 953 896 justitia,
965 829 998 882 in
1007 830 1101 899 legem
1109 828 1160 898 jus·

721 907 789 960 titiae
803 920 860 959 non
873 906 1015 972 pervenit.
1071 950 1076 955 .

131 983 213 1043 Quare
224 987 309 1034 autem
325 984 655 1048 Gentesiustiticatatquia
670 990 698 1036 iu
756 989 800 1040 52.
821 984 937 1048 Quare?
960 985 1036 1047 Quia
1056 997 1114 1039 non
1131 997 1159 1039 ox

100 1050 229 1100 Christum
247 1052 408 1102 crediderunt
426 1073 432 1103 ε
452 1068 530 1116 quare
547 1054 626 1104 iudai
647 1068 698 1105 non
721 1063 792 1126 fide,
806 1062 856 1115 sed
869 1061 952 1127 quasi
964 1073 1001 1113 ex
1013 1061 1157 1127 operibus:

100 1117 244 1204 justificati,
258 1121 302 1169 sed
324 1121 452 1181 diustitia
469 1122 585 1202 repulsit
595 1125 655 1184 quia
671 1126 698 1172 in
722 1139 898 1193 offenderunt
908 1137 989 1197 enim
1002 1137 1035 1190 a„
1048 1136 1159 1204 rupim

102 1187 231 1238 christum
244 1189 345 1239 credere
355 1189 510 1252 noluerunt,
524 1190 568 1239 sed
578 1204 606 1239 111
621 1203 681 1241 eum

689 1227 698 1251 ⁹
721 1215 898 1278 offensionis,
989 1215 998 1227 '

131 1412 192 1460 Erat
202 1412 270 1474 apud
280 1411 380 1462 iudaeos
395 1415 524 1474 receptum
535 1425 638 1460 ornnem
648 1411 822 1461 liberationem
829 1413 962 1472 veterum,
973 1411 1085 1473 figuram
1094 1410 1158 1461 titas

102 1481 259 1529 liberationis
268 1518 274 1541 ,
283 1494 340 1542 qua
353 1485 407 1530 erat
418 1483 433 1530 a
446 1481 534 1531 Messia
550 1480 725 1543 exspectanda.

131 1550 193 1598 Nota
208 1554 234 1599 2⁰
249 1564 343 1614 paucos
361 1553 460 1602 Judaos
480 1551 513 1600 ad
533 1551 661 1600 Christum
680 1562 814 1600 couversos
828 1553 854 1599 et
871 1549 984 1599 salvatos
1003 1550 1073 1601 recte
1086 1550 1157 1600 roosri

101 1632 181 1668 semea
187 1636 197 1679 ;
215 1633 275 1669 nam
288 1623 343 1670 istae
358 1621 470 1682 rebuurae
482 1620 569 1670 Gentis
581 1620 707 1678 iudaicae,
719 1618 788 1667 salus
799 1618 890 1667 mundi
900 1618 1010 1667 fuerunt
1018 1631 1066 1681 per
1078 1618 1156 1678 tidem,

101 1698 178 1749 quam
189 1687 281 1749 ubique
301 1689 498 1739 disseminarunt
511 1708 518 1737 ε
531 1690 598 1738 sicut
608 1688 675 1749 quod
691 1700 722 1737 ex
732 1698 813 1736 messe
829 1690 948 1735 servatur
962 1685 997 1736 ad
1012 1692 1156 1745 smenon,

99 1758 441 1819 pereuguumest;sed1nue
454 1760 562 1808 veniunt
573 1769 646 1807 novoe
660 1768 768 1816 messem
778 1757 813 1804 ita
824 1757 902 1818 pauci
912 1755 1021 1816 quidem
1036 1769 1066 1806 ex
1078 1755 1158 1807 Judaio

100 1831 214 1888 tempore
224 1827 253 1877 i).
263 1828 334 1878 Pauli
345 1866 352 1890 ,
362 1832 452 1879 servati
462 1833 522 1879 suut
532 1849 539 1878 ι
548 1832 575 1878 at
584 1841 614 1877 en
625 1827 674 1877 iilis
685 1832 709 1876 et
720 1839 765 1889 per
773 1825 908 1876 iilosiaeta
920 1829 961 1876 est
971 1838 1019 1890 per
1028 1830 1110 1877 mutu
1118 1829 1157 1874 tar·

100 1904 187 1944 rarum
202 1896 288 1946 orbem
297 1896 354 1947 tidei
365 1898 537 1949 disseminatio
544 1918 551 1958 ς
564 1896 632 1946 unde
641 1895 710 1945 salus
720 1894 821 1944 mundi.

129 1981 286 2033 obscurano
302 1996 420 2034 nonanis.
429 1986 496 2034 —in
507 1983 657 2046 supradictis
672 1983 743 2032 isaia
753 1982 906 2031 testimoniis
921 1981 1008 2031 elucet
1020 1980 1157 2043 iioiiustitia

100 2053 177 2102 simui
195 2057 220 2103 et
236 2056 407 2105 misericordia
420 2075 426 2104 z
444 2057 542 2116 iustitia
553 2052 656 2115 quidem
669 2056 694 2101 et
704 2050 776 2100 vaide
792 2050 931 2111 terribilis,
943 2053 973 2100 iu
985 2052 1120 2113 rejectione
1128 2052 1158 2097 tot

99 2121 269 2173 israelitarum
279 2145 286 2185 ς
296 2123 466 2174 misericordia
475 2122 534 2173 verb
544 2121 678 2171 ineffabilis
689 2122 716 2171 in
724 2123 866 2171 servatione
877 2121 1089 2182 pauoomm,qu1
1098 2118 1157 2182 queri

101 2204 187 2243 semen
201 2191 320 2254 fuerunt,
334 2189 402 2242 uude
412 2195 490 2242 totius
503 2191 592 2241 mundi
605 2191 681 2240 salus.

131 2260 191 2321 Quis
202 2274 255 2311 non
263 2264 351 2312 timeat
360 2261 468 2312 videndo
479 2265 531 2311 tam
541 2273 634 2325 paucos
646 2272 677 2308 ex
686 2262 757 2309 tanto
769 2257 879 2322 populo,
890 2258 1026 2320 aramue
1037 2256 1156 2309 benedetto

100 2334 241 2394 prevento,
253 2331 379 2380 salvatos?
708 2350 711 2355 ·

132 2399 180 2448 Sed
192 2400 250 2460 quis
265 2400 423 2450 Christianus
439 2413 490 2448 non
504 2403 598 2462 speret,
608 2398 715 2448 videndo
726 2395 794 2460 qudd
805 2409 850 2458 per
861 2395 1025 2447 ineffabilem
1035 2396 1080 2447 bat
1092 2397 1158 2447 utba

101 2468 250 2529 ricordiam,
261 2469 293 2517 ad
305 2469 525 2520 Christianismum
537 2482 588 2532 prae
602 2473 640 2518 tot
655 2469 711 2518 aliis
725 2467 957 2527 rejectis,vocatus
968 2469 1023 2516 siti*

131 2537 229 2588 Gratias
245 2540 398 2589 immortales
418 2540 468 2589 beo
480 2558 487 2589 ι
501 2541 627 2589 vocationi
643 2543 694 2587 tuae
704 2535 784 2586 tidelis
799 2539 867 2597 esto,
881 2539 995 2598 etspera
1011 2538 1041 2586 iu
1055 2537 1157 2586 bomine.

131 2607 202 2656 Time
214 2607 404 2659 multitudinem
416 2622 423 2657 ε
435 2609 512 2658 latam
522 2611 590 2658 viam
600 2608 657 2670 tngo
671 2626 678 2656 ε
692 2619 745 2656 non
756 2608 795 2654 est
808 2607 879 2654 enirn
891 2605 985 2655 salutis
995 2607 1050 2655 via.

130 2674 258 2726 Contende
270 2678 365 2726 intrare
379 2690 424 2740 per
436 2681 568 2740 angustam
577 2682 695 2739 portame
710 2675 765 2724 hae
779 2677 819 2724 est
831 2686 889 2735 quae
898 2673 974 2724 dnolt
985 2674 1022 2725 ad
1032 2673 1143 2725 satutem

132 2766 171 2814 30.
187 2765 253 2822 Quid
263 2778 322 2828 erqo
336 2766 465 2815 dicemus?
476 2765 543 2828 qadd
556 2767 668 2814 Gentes...

131 2850 272 2903 Concuusro
287 2865 376 2903 rorrus
389 2865 553 2910 oussrrorus.
563 2878 595 2888 -
604 2852 642 2901 Ex
654 2851 773 2901 omnibus
786 2849 942 2913 supradietis
957 2850 1024 2913 quid
1034 2848 1159 2902 conclude·

100 2921 178 2967 mus?
189 2919 321 2970 fatebimur
333 2921 400 2983 quod
415 2924 510 2979 Gentes,
520 2931 575 2982 qua
590 2932 620 2968 ex
638 2918 744 2975 Abrahae
754 2921 851 2969 semine
868 2929 922 2967 non
939 2922 1018 2969 erant
1028 2926 1160 2983 prognata,

99 2993 127 3041 et
139 3001 193 3049 quo
205 2987 345 3050 justitiam,
356 2989 405 3050 qud
417 2991 444 3038 in
454 2989 498 3038 liei
506 2989 572 3039 tilios
586 2990 779 3052 adoptarentur,
790 2999 843 3037 non
854 2988 1022 3049 querebant3
1035 2988 1103 3048 imd,
1114 2994 1161 3049 qud

99 3058 128 3105 in
147 3059 231 3106 omnia
248 3057 341 3108 scelera
356 3069 441 3120 pronae
462 3059 585 3119 ruebant,
599 3060 724 3118 justitiam
742 3061 829 3105 tamen
845 3060 971 3106 assecntae
989 3061 1054 3107 sunt
1065 3075 1074 3108 s
1086 3057 1161 3113 iliam.

100 3126 201 3186 inquio,
207 3128 348 3189 iustitiam,
360 3126 392 3176 ad
405 3140 482 3188 quam
496 3127 562 3176 Deus
575 3127 654 3177 votuit
665 3138 710 3190 per
722 3125 798 3176 iidem
810 3128 951 3188 perveniri.
1004 3122 1009 3153 ’-
1029 3142 1032 3147 ·

131 3219 170 3264 31.
181 3217 260 3267 Issaei
275 3216 335 3266 oerd
352 3217 466 3266 sectando
481 3216 557 3279 leuem
569 3215 724 3277 justitio.....
742 3213 768 3263 id
781 3217 832 3274 est,
845 3215 960 3264 maxima
972 3227 1036 3278 pars
1048 3212 1162 3266 umetis

98 3298 174 3344 rum,
193 3298 238 3336 seu
251 3285 363 3335 illiorum
385 3285 509 3345 Abrahae,
523 3284 663 3333 secundum
684 3295 803 3343 caruem;
821 3283 946 3334 incedens
966 3297 1016 3347 per
1027 3286 1099 3334 mam
1111 3280 1163 3343 lotii

98 3353 226 3415 Mosatea,
237 3365 293 3415 quae
304 3355 376 3415 quast
391 3365 470 3401 manu
482 3352 587 3401 ducebat
600 3352 632 3401 ad
639 3354 763 3412 justitiam
776 3354 802 3400 et
813 3350 846 3400 ad
857 3350 994 3402 Christum
1003 3349 1163 3413 iustitiaton·

98 3427 169 3483 tem3
183 3426 267 3473 tamen
281 3423 313 3473 ad
323 3434 409 3472 veram
417 3423 556 3482 justitiam,
570 3423 676 3483 gratiam
690 3420 873 3481 justificantem
889 3433 943 3470 non
956 3423 1098 3484 pervenit.-

129 3511 170 3558 32.
182 3509 264 3567 Quare
272 3511 285 3557 i
292 3507 335 3558 Gr.
342 3514 446 3570 propter
457 3507 519 3569 qaid
526 3511 539 3557 7
547 3511 603 3569 post
613 3506 713 3569 longam
724 3506 924 3570 disputationem
934 3545 942 3569 ,
952 3507 985 3558 b.
995 3507 1093 3564 Paulam
1100 3504 1163 3558 editt

97 3578 202 3628 modern
214 3577 367 3629 difficultatis
383 3576 495 3636 nodum
507 3588 643 3638 veramque
658 3579 768 3638 assignat
781 3589 902 3638 causam,
918 3591 967 3628 cur
987 3578 1073 3630 iudai
1088 3573 1163 3638 reieci

99 3652 161 3697 sunt
176 3648 299 3707 ajustitia
314 3652 338 3696 et
351 3647 366 3695 a
379 3646 475 3707 saiute;
489 3646 580 3696 Gentes
594 3646 653 3697 verd
675 3644 707 3697 ad
721 3660 777 3696 eam
792 3647 853 3698 aurit
866 3651 974 3711 ascita,
989 3662 1101 3712 eamque
1112 3644 1164 3697 suoi

99 3715 211 3776 adepta3
224 3717 347 3765 nimirum
362 3717 422 3776 quta
433 3714 524 3764 Gentes
538 3717 565 3764 iu
578 3716 706 3767 Christum
720 3716 900 3777 crediderunt,
914 3717 1008 3771 Judoei'
1017 3722 1106 3769 autem
1119 3724 1162 3765 oro

99 3784 160 3832 dere
172 3781 316 3832 noluerunt.
329 3784 378 3832 Sed
393 3783 467 3844 quasi
477 3796 506 3833 ea
516 3785 633 3846 operibor
648 3788 814 3846 tumuerunt,
828 3787 937 3848 ipsoque
948 3792 1056 3853 tumore
1068 3790 1114 3837 suo
1124 3792 1164 3832 ea·

53 3868 57 3874 ·
100 3852 166 3909 eati,
181 3851 331 3910 offenderant
340 3852 368 3899 ia
380 3851 489 3912 lapidem
500 3852 657 3914 offersionem
671 3855 699 3903 iu
712 3852 842 3909 Christum
853 3854 1061 3919 scilicet,ou1us
1071 3850 1165 3905 humili

100 3921 180 3969 tatem
196 3918 338 3993 intuentes,
350 3930 410 3969 eum
425 3922 454 3987 ut
464 3918 578 3985 iteastarrr
594 3919 730 3989 noberunt
744 3934 883 3999 ogdoadem
891 3961 904 3993 ,
917 3916 965 3991 aed
977 3925 1136 3993 corrnerunt.
