2520 4440
314 239 486 298 raritati
503 248 727 303 Exeosirio.
747 249 829 302 uia.
850 250 883 301 ii.
1076 251 1129 301 359

58 345 152 386 arnum
170 347 274 402 corpus
291 340 371 393 multi
393 355 506 405 sumus,
531 352 598 390 unns
611 343 700 404 panis,
717 356 799 392 unum
818 342 911 393 christi
928 353 1019 406 corpus
1031 343 1128 403 simus,

59 422 163 463 omnes
177 415 227 479 qui
239 414 275 469 de
286 430 343 470 uno
360 431 434 485 pane
444 432 509 486 pap
530 412 589 470 quia
600 422 632 460 cx
642 423 695 461 uno
703 423 769 475 pana
781 412 956 472 comedimus,
969 413 1013 473 qni
1022 415 1060 461 est
1070 423 1129 461 cor-

59 485 220 552 ticipamus.
530 478 692 541 puscbristi.

560 546 628 598 idem
649 560 707 610 argo
724 548 855 612 intelligite
867 550 898 599 dc
909 549 1052 601 bibentibus
1064 548 1130 599 liba-

529 628 602 676 men,
614 620 639 666 ct
650 617 681 667 de
693 619 884 669 comedentibus
894 618 1048 679 idolothyta3
1060 630 1130 669 com-

528 689 663 736 munlcant
685 701 745 739 cum
769 688 903 740 daemoalis
928 689 1020 750 qulbus
1046 688 1128 738 oblata

95 814 144 864 18.
168 811 266 866 Videte
293 812 377 868 israel
404 830 505 870 sccun-
528 760 612 876 su{litua
629 828 713 890 ipsum
732 828 816 878 videte
836 841 866 877 er
881 826 985 877 Iudaica
999 826 1120 889 religione

60 889 131 944 daim
146 902 281 944 carnemt

61 1064 119 1127 ills;
134 1069 170 1115 lta
185 1069 211 1116 ct
222 1078 269 1115 nos
282 1079 371 1117 omues
390 1080 473 1118 nuum
490 1082 580 1120 sumus
597 1083 689 1133 corpus
705 1090 712 1120 c
731 1072 856 1133 siquidem
869 1085 916 1122 uos
932 1083 1020 1121 omncs
1032 1083 1062 1120 er
1076 1084 1129 1119 une

60 1135 106 1185 illo
121 1148 190 1199 pane
202 1138 352 1198 accipimus.

91 1206 131 1256 lta
145 1207 206 1257 saud
217 1209 415 1258 communicatio
425 1212 479 1271 est,
493 1212 519 1260 ot
529 1211 565 1259 ita
577 1210 654 1260 realis
671 1214 697 1260 et
712 1223 785 1272 vcra,
798 1215 827 1260 ut
836 1212 1050 1274 quemadmodum
1061 1225 1128 1262 uuus

62 1279 101 1326 cst
113 1277 190 1338 panis
205 1274 265 1335 lllc,
279 1288 356 1337 quem
372 1280 517 1340 sumimus,
531 1283 557 1328 et
575 1282 613 1329 est
630 1279 724 1330 Christi
738 1280 834 1343 Corpus
842 1301 849 1342 ;
868 1282 904 1330 sic
920 1285 946 1329 et
965 1293 1127 1341 aesomnes,

61 1355 133 1395 unus
153 1346 240 1408 panis,
255 1358 336 1396 unum
349 1346 444 1399 Christi
457 1362 550 1412 corpus
569 1362 678 1411 sumus;
696 1354 757 1412 quia
769 1364 799 1400 cx
815 1362 867 1400 uno
879 1363 945 1414 pane
955 1350 1127 1411 comedimus,

63 1416 112 1476 qui
131 1416 170 1463 est
183 1425 277 1476 corpus
287 1414 392 1466 Christi.

92 1482 161 1545 Quid
173 1482 232 1534 dico
243 1487 521 1536 communicationem?
534 1498 624 1536 sumus
641 1485 705 1536 illud
719 1489 805 1550 ipsum
816 1499 921 1549 ecrpns=
934 1486 995 1550 quid
1008 1491 1046 1538 εει
1058 1491 1128 1538 enim

61 1554 157 1616 panis?
168 1565 261 1616 corpas
271 1553 378 1616 Christ13
389 1554 450 1616 quid
462 1559 548 1604 autem
561 1555 628 1605 dunt
639 1593 646 1617 ,
659 1557 703 1618 qui
715 1560 839 1617 sumunt;
851 1569 942 1620 corpus
953 1557 1062 1617 Christi,
1076 1570 1128 1606 non

62 1633 170 1685 corpora
184 1622 278 1684 multa,
294 1623 431 1674 sedunum
442 1636 534 1687 corpus
549 1623 653 1674 Christi.
669 1623 698 1674 b.
714 1625 916 1688 Chrysostomus.

92 1691 167 1741 Sicut
177 1703 207 1741 er
220 1692 308 1742 multis
320 1695 405 1756 granis
419 1693 449 1743 iit
464 1695 681 1755 uuuspanls31ta
694 1705 724 1743 ex
738 1694 826 1744 multis
840 1694 956 1744 fidelihus
966 1694 1071 1745 titanus
1081 1708 1128 1757 pa-

63 1762 104 1811 nis
117 1773 190 1811 sacer
206 1765 232 1811 et
249 1763 323 1813 vivus
333 1798 341 1824 ,
353 1762 449 1813 scillcet
460 1776 541 1812 uuum
553 1762 649 1812 ChrIsti
662 1775 754 1826 corpas
765 1766 902 1826 mysticum
913 1800 920 1824 ,
933 1764 1001 1826 quod
1020 1769 1058 1814 est
1078 1766 1128 1813 Ec·

64 1831 152 1883 clesia.

94 1917 135 1963 18.
152 1914 236 1965 Videte
253 1914 332 1965 {mcci
344 1915 483 1969 secandam
495 1928 625 1965 curnem...

93 1980 230 2042 Secundd,
243 1981 292 2032 hoc
305 1984 388 2045 ipsum
401 1984 491 2046 probat
503 1996 533 2033 cx
545 1983 667 2045 religione
680 1982 802 2045 ludaica;
813 1985 953 2045 nimirum,
965 1983 1032 2046 quod
1043 1988 1085 2047 qui
1097 1987 1129 2035 de

64 2053 178 2102 victimis
193 2053 319 2112 comedit,
333 2055 467 2115 participat
481 2053 513 2103 dc
528 2053 667 2115 sacriilcio;
685 2058 710 2103 et
723 2058 906 2116 consequenter
918 2053 1057 2118 idolothyta
1075 2056 1129 2105 ido·

64 2120 192 2172 lolatriam
208 2132 279 2181 esse,
297 2123 357 2182 quia
375 2123 535 2183 participatio
554 2120 667 2184 sacrilegi
684 2122 811 2175 sacrificii.

94 2188 185 2239 Videte
202 2189 325 2252 populum
337 2202 367 2240 ex
378 2191 468 2240 israele
480 2190 622 2241 secunddm
634 2204 738 2242 carnem
749 2191 909 2253 progenitum
921 2211 928 2240 ε
947 2190 983 2241 si'c
996 2196 1070 2242 vocat
1084 2192 1129 2242 lu·

66 2259 148 2320 dnos,
168 2258 202 2308 ad
220 2258 422 2310 Christianorum
442 2261 645 2321 distinctionem,
658 2262 704 2323 qui
720 2264 782 2311 suut
796 2261 939 2324 spirituales
954 2261 1086 2324 israelite,
1103 2266 1129 2310 et

65 2342 109 2394 per
122 2329 218 2390 iidem,
238 2329 343 2378 librabae
355 2329 411 2379 tilii.

93 2398 185 2449 Nonne
199 2410 287 2448 omues
297 2397 364 2460 apud
376 2398 448 2460 ilios,
459 2400 504 2462 qui
520 2398 552 2448 dc
562 2399 700 2450 immolatis
710 2401 821 2450 victimis
835 2399 987 2460 comedunt,
999 2399 1075 2449 oblati
1086 2413 1129 2450 sa·

65 2468 157 2519 crldcil
175 2471 236 2518 sunt
254 2468 409 2530 participes?

94 2537 163 2587 ilino
182 2546 240 2596 ergo
258 2538 283 2584 et
298 2539 387 2584 contra
401 2536 583 2597 vosmetipsos,
602 2534 771 2586 oderinthill
783 2534 942 2595 concludite,
954 2535 1022 2597 qudd
1040 2539 1084 2597 qai
1098 2537 1129 2586 dc

65 2604 215 2666 idolothytis
232 2602 381 2664 comedunt,
394 2603 509 2665 sacrilegi
526 2603 643 2653 sacrificii
664 2608 724 2653 sunt
736 2606 888 2666 participes,
902 2608 1011 2665 suntque
1026 2605 1130 2654 idolola-

66 2680 131 2727 trae:
147 2672 209 2734 qula
226 2672 336 2720 victimae
350 2673 510 2734 consumptio
524 2676 562 2722 cst
580 2672 698 2722 sacrificii
712 2674 908 2722 consummatio.

94 2744 149 2793 lioc
163 2743 201 2790 eis
211 2739 313 2801 reliquit
326 2739 545 2803 concludendum,
565 2744 625 2804 quia
640 2743 818 2804 perspicuum,
831 2744 856 2789 et
866 2742 925 2800 qula
936 2741 1019 2801 ipsos,
1037 2753 1063 2788 u.
1083 2742 1125 2801 lb,

63 2812 235 2865 dicendorum
252 2811 307 2859 dae
325 2813 458 2860 constituit
472 2811 583 2861 ludices.

95 2880 266 2933 Ratiocinatio
277 2878 306 2928 b.
317 2878 389 2927 Pauli
399 2914 406 2940 ,
420 2881 448 2927 in
468 2879 508 2929 his
519 2879 631 2930 versibus
642 2878 771 2942 probantis
782 2877 978 2940 idolothytorum
995 2880 1129 2929 comestio·

67 2963 127 3001 nem
146 2960 202 2998 csse
218 2946 401 3009 idololatriam,
421 2947 475 2997 haec
489 2952 546 2997 ests

96 3021 188 3071 Omnis
209 3031 269 3068 cum
288 3018 445 3068 damonibus
464 3020 662 3068 communicatio
684 3023 722 3067 est
741 3015 879 3066 idololatria
899 3035 905 3064 ι
932 3015 1129 3078 idolothytorum

65 3091 190 3143 comestio
206 3091 244 3138 est
256 3100 315 3137 cum
326 3087 482 3137 damonibus
494 3089 692 3137 communicatio
705 3108 711 3136 ι
727 3099 784 3148 ergo
796 3085 945 3135 idololatria.

96 3160 223 3211 Probatur
241 3161 334 3208 minor.
354 3158 471 3207 inomni
491 3170 594 3220 prorsus
613 3157 747 3219 religione,
768 3157 887 3206 comestio
907 3158 1070 3206 victimarum
1093 3163 1130 3208 est

65 3229 277 3288 communicatio,
288 3231 381 3277 etcum
393 3240 422 3277 eo
433 3229 475 3277 cui
487 3227 568 3277 oblata
579 3232 617 3277 est
628 3229 745 3288 victima,
757 3231 852 3276 etcum
870 3239 899 3276 co
910 3229 952 3288 nul
961 3240 1018 3276 eam
1029 3226 1129 3276 obtulit.

97 3301 171 3350 Patet
184 3301 212 3347 ln
223 3297 430 3356 christianismo,
444 3298 487 3346 ubi
503 3299 597 3360 potatio
611 3296 697 3347 calicis
716 3298 782 3346 sacrl
802 3299 839 3346 est
860 3298 1056 3346 communicatio
1072 3309 1129 3346 san·

64 3369 155 3432 guinis
166 3366 259 3417 christi
266 3385 274 3427 3
286 3369 311 3414 et
323 3366 366 3415 ubl
383 3368 503 3415 comestio
514 3367 586 3427 panis
598 3367 736 3414 consecrati
748 3401 755 3424 ,
767 3369 804 3414 est
820 3366 1017 3414 communicatio
1028 3369 1053 3413 at
1069 3367 1127 3414 unic

66 3451 130 3489 cum
150 3446 255 3499 corpore
272 3433 365 3483 Christi
375 3454 383 3494 ς
402 3431 454 3482 imd
473 3439 498 3483 et
519 3446 579 3482 cam
599 3433 717 3482 omnihus
734 3432 797 3482 illud
814 3432 1020 3494 comedentibus,
1037 3435 1129 3496 quippe

65 3508 113 3570 qul
127 3516 219 3555 omnes
233 3503 300 3552 iiunt
312 3515 379 3553 uuus
392 3503 482 3565 panis,
502 3513 633 3563 unumque
646 3501 738 3551 Christi
757 3514 849 3564 corpus
869 3502 918 3551 hac
937 3502 1098 3552 comestione.

98 3577 172 3627 Patet
185 3576 214 3624 in
231 3573 377 3634 ludaismo,
389 3573 432 3622 ubi
448 3574 625 3634 participatio,
641 3584 685 3620 seu
697 3572 818 3621 comestio
830 3571 861 3620 de
872 3571 961 3621 hostiis
972 3570 1079 3628 oblatis,
1093 3573 1130 3617 εει

66 3646 231 3712 participatio
244 3656 304 3692 cum
315 3642 407 3703 altari,
425 3645 450 3691 et
465 3654 525 3691 cum
540 3641 664 3691 sacrificio
681 3642 776 3703 oblato,
792 3644 817 3691 et
829 3653 889 3690 cum
901 3637 1070 3690 otiersntlbus.

100 3718 166 3778 Ergo
177 3714 272 3777 pariter
284 3711 481 3773 idolothytorum
493 3713 629 3770 comestio,
649 3710 674 3759 id
692 3715 745 3771 est,
765 3712 883 3760 comestio
901 3709 1062 3756 victimarum
1077 3704 1130 3755 da·

68 3788 166 3840 monita
178 3783 321 3833 oblatarum
332 3818 339 3842 ,
351 3785 388 3830 est
397 3783 593 3831 communicatio
605 3793 665 3830 cum
676 3781 819 3838 daemoniis,
830 3783 856 3827 et
866 3776 1061 3826 communicatio
1070 3787 1130 3825 cum

69 3862 103 3909 iis
114 3858 159 3920 qui
172 3852 261 3904 colunt
272 3857 297 3900 et
312 3851 418 3900 adorant
427 3849 572 3900 daemonesa
586 3862 643 3911 crgo
655 3855 692 3898 est
704 3848 853 3898 idololatria.

101 3940 265 3991 Oasanvarro
278 3945 432 3984 ooarsracs.
442 3957 474 3971 -
486 3932 515 3983 in
527 3931 575 3982 hac
588 3928 697 3994 lipcsloli
711 3930 901 3978 ratiocinatione
913 3928 988 3989 nota,
