2520 4440
362 250 528 302 Talalati
546 252 769 308 EXPOSlTlO.
789 256 870 308 CAP.
890 256 922 307 X.
1118 256 1170 306 557

104 334 210 390 Fidelis
233 344 325 393 aulem
343 343 417 396 Deus
432 351 488 404 est,
502 345 550 410 qui
602 346 725 396 Gonlldite
744 352 845 408 tamen,
863 348 944 407 heus,
962 347 1070 408 quisuis
1089 345 1168 396 tidelis

105 417 164 463 non
184 413 304 478 patietur
320 431 370 469 vos
390 421 489 472 tentari
504 435 551 472 su.
573 418 625 474 est,
645 429 696 465 non
717 419 827 480 patietur
848 429 892 468 vos
907 420 998 467 tentari
1015 416 1089 479 supra
1101 416 1168 466 hiras

104 501 155 552 pra
169 488 200 541 id
215 492 293 556 quod
304 495 433 559 potestis,
572 487 678 543 vestiit,

104 567 162 618 Sed
182 566 265 621 faciet
279 571 363 624 etiam
380 587 444 626 cum
461 581 550 627 rema.
602 567 649 616 Sed
670 581 714 618 vos
735 567 889 627 roborando,
912 566 987 617 lactet
1008 571 1036 616 ut
1061 568 1166 617 tentatio

104 643 183 698 lione
196 654 379 712 proventum,
394 657 425 703 ur
436 654 549 718 possitis
572 635 669 717 felicem
682 637 773 686 haheat
783 638 893 716 ercitum
908 638 985 685 lta-ut
997 637 1097 698 possitis
1110 649 1166 686 sus-

104 722 255 778 susrinere‚
525 750 529 754 .
571 708 667 765 tmere,
684 703 736 753 lmh
750 708 775 753 et
790 715 901 754 vincere.

137 805 184 854 ll.
206 805 323 870 Propter
345 809 422 872 quod
444 809 549 862 charis.
600 797 770 860 Quapropter,
783 796 831 845 hoe
846 800 874 844 ut
886 798 920 843 ita
932 796 965 842 sit
976 831 982 853 ,
995 793 1010 842 ὁ
1024 794 1164 872 charissimi

102 879 167 931 simi
179 881 256 946 mihi,
268 881 353 949 fugire
361 885 397 936 ab
408 886 546 940 idolorum
570 868 635 916 mail
652 865 745 926 fugite,
762 868 787 913 et
799 861 886 944 procul
899 862 1018 943 estote-ah
1031 873 1099 909 ollinl
1112 861 1164 908 rdo-

102 956 212 1008 0u11ura
226 975 232 1009 :
569 937 652 985 lorum
664 935 734 984 cultu
746 971 753 993 ,
765 938 791 982 et
808 933 839 981 ab
852 931 1012 992 idolothytis,
1025 943 1081 992 qua
1096 943 1163 991 qaa-

569 1007 628 1055 dam
639 1008 699 1054 sunt
716 1002 865 1052 idololatria.

100 1169 173 1230 quasi
192 1167 306 1217 diceret:
321 1169 356 1216 Ne
370 1168 459 1220 sinatis
474 1172 649 1234 asuhrepente
664 1173 802 1220 tentatione
813 1183 857 1218 vos
872 1168 1024 1230 apprehendi
1036 1173 1061 1217 et
1076 1170 1161 1229 vinei,

101 1239 151 1287 nisi
170 1237 234 1287 torte
254 1238 285 1288 de
304 1239 344 1288 his
360 1240 458 1290 levibus
478 1245 602 1303 peccatis,
621 1244 635 1290 a
654 1242 745 1303 quihus
760 1239 846 1289 nullas
862 1239 938 1288 homo
958 1237 1021 1287 liher
1038 1243 1084 1288 est.

130 1308 206 1357 Juxta
218 1308 344 1369 Granum,
355 1323 430 1371 quem
440 1315 552 1373 sequitur
563 1312 656 1374 Syrus,
668 1313 773 1361 monitio
785 1315 823 1360 est
834 1309 1007 1366 humillautla,
1020 1307 1161 1370 testumque

100 1378 263 1437 reprimentis
273 1413 280 1436 ,
292 1379 363 1437 quast
377 1378 472 1428 diceret
486 1399 492 1429 ε

129 1446 167 1494 Ne
181 1445 321 1506 quidquam
341 1446 372 1494 de
391 1448 462 1498 vobis
482 1453 652 1512 praesumatis,
674 1450 773 1500 nrodlca
790 1447 891 1498 tantdm
907 1451 932 1496 et
950 1447 1015 1497 levia
1029 1447 1160 1508 hucusque

99 1515 167 1576 passi
185 1516 261 1573 estis,
273 1515 340 1563 sicut
352 1515 384 1564 ad
395 1516 469 1566 llehr.
484 1522 521 1567 li.
537 1522 559 1568 l.
575 1519 654 1568 disits
670 1521 786 1569 Nondum
797 1519 831 1568 ed
843 1519 990 1580 sanquinem
1000 1530 1078 1581 daque
1089 1519 1161 1568 resti-

100 1585 173 1634 listis.
184 1584 223 1632 lta
234 1583 265 1633 l).
276 1583 469 1646 chrysostomus
482 1593 507 1636 et
524 1591 578 1647 ejus
593 1601 721 1650 sequaces.
1121 1593 1123 1597 ’

128 1656 227 1708 Fidelis
243 1664 327 1707 uuum
338 1661 404 1709 Deus
415 1667 477 1710 ert...
498 1661 533 1711 Ne
552 1664 628 1712 ulmis
644 1663 675 1712 oh
686 1662 801 1724 superius
815 1662 881 1711 dicta
894 1662 1060 1722 deliniantur,
1072 1674 1159 1711 eorum

100 1729 199 1776 animos
220 1739 264 1788 spe
279 1728 307 1775 ln
322 1727 401 1778 Deum
418 1732 499 1790 erigit.
518 1731 610 1780 Fidelis
628 1738 663 1780 est
674 1733 740 1780 Deus
756 1733 784 1780 ln
797 1732 926 1793 promissis
942 1731 1003 1779 suis.
1021 1729 1085 1779 (hhu
1102 1743 1158 1790 ergo

99 1795 187 1845 multis
200 1797 229 1844 lu
247 1795 310 1844 locis
327 1799 483 1858 promiserit,
498 1811 524 1847 se
538 1801 590 1848 suis
601 1799 794 1858 auxiliaturum,
809 1803 833 1848 et
847 1803 904 1862 post
913 1800 1076 1847 tentationem
1088 1810 1158 1846 coro-

98 1858 158 1914 ham
170 1867 208 1913 eis
219 1864 304 1926 gloriae
314 1877 341 1913 se
353 1865 485 1926 daturum,
497 1867 583 1917 Jacob.
600 1873 622 1917 l.

128 1933 274 1983 Conlldite:
291 1946 342 1982 non
355 1937 420 1983 siuet
432 1948 476 1984 vos
489 1949 563 1998 supra
580 1939 646 1985 vires
659 1941 753 1986 vestras
771 1938 882 1986 tentaris
898 1936 941 1984 sed
958 1948 1003 1986 vos
1024 1948 1068 1999 per
1086 1948 1157 1984 suam

99 2005 206 2077 gratiam
221 2003 379 2064 roborando,
395 2003 469 2054 faciet
482 2008 625 2054 attentatio
637 2006 736 2055 felicem
753 2005 844 2054 habeat
859 2007 962 2053 exitum.

131 2080 239 2139 Εκβασιε
255 2079 378 2140 signillcat
389 2082 499 2141 exitum,
514 2083 657 2130 evasionem
669 2081 800 2142 gloriosam
808 2118 815 2141 ,
824 2080 905 2142 qualis
913 2086 950 2130 est
961 2083 1043 2130 evasio
1054 2080 1155 2139 militis,

98 2153 138 2213 qui
154 2153 237 2200 uictor
251 2150 361 2200 erudite
374 2150 469 2212 praelio.
709 2214 712 2219 .

127 2228 158 2277 dt
165 2225 271 2289 peratis
280 2225 408 2274 sustineo.
426 2227 462 2275 lta
477 2230 504 2275 nt
516 2229 616 2289 possitis
631 2229 771 2287 sustinere,
783 2225 834 2289 imo
851 2228 1004 2286 attinuere,
1019 2239 1070 2275 nou
1082 2226 1156 2274 molid

95 2297 199 2347 nullum
215 2308 246 2345 ex
265 2297 404 2345 tentatione
420 2295 600 2346 detrimentum
616 2299 760 2361 accipietis,
774 2297 817 2347 sed
834 2301 860 2345 et
875 2296 985 2345 multum
998 2296 1099 2346 lucrum
1115 2310 1156 2346 re-

93 2367 238 2430 portabitis.

122 2437 189 2487 Nota
199 2439 272 2496 juxta
282 2435 337 2484 haec
350 2435 438 2485 ultima
450 2436 544 2495 verba,
559 2435 626 2497 qndd
639 2437 670 2486 de
681 2450 707 2486 se
720 2438 774 2499 ipso
786 2435 911 2496 diffidere,
922 2449 994 2485 suam
1004 2438 1094 2485 timere
1104 2436 1156 2486 lra-

92 2507 235 2568 gilitatem‚
252 2505 372 2566 vigilare,
387 2505 483 2566 sibique
496 2506 640 2566 attendere,
656 2508 708 2555 siut
720 2506 868 2555 Christiana
884 2505 985 2566 quidem
1001 2506 1156 2555 fortitudinis

90 2574 194 2624 initiale
209 2573 403 2622 fundamentum
415 2593 421 2622 z
431 2579 458 2623 at
477 2576 503 2624 ln
522 2575 629 2623 homino
647 2574 787 2632 confidere,
799 2575 827 2621 in
839 2573 891 2622 solo
903 2576 956 2633 ejus
967 2573 1059 2622 auxilio
1070 2577 1154 2632 inniti,

89 2649 229 2706 totumque
240 2643 272 2692 ah
282 2655 311 2692 eo
320 2642 373 2691 solo
382 2655 498 2705 sperare,
510 2648 601 2693 nostra
612 2643 767 2693 fortitudinis
778 2646 815 2691 est
824 2644 1021 2701 consummatio,
1034 2647 1058 2692 et
1068 2644 1155 2692 stabile

88 2713 573 2778 tragilitatishumauaefirmamentum.
620 2711 623 2715 ’

120 2791 188 2840 Nota
202 2788 343 2837 seeunddm
357 2790 441 2849 priora
451 2787 525 2836 rerba
537 2824 543 2846 ,
556 2786 622 2847 quau
635 2786 706 2836 nullo
726 2786 800 2835 modo
814 2797 917 2848 peceare
927 2822 934 2844 ,
945 2785 1087 2847 angelicum
1098 2793 1153 2844 est;
1199 2777 1205 2788 '

87 2872 136 2922 per
148 2860 321 2920 ignorantiam
331 2860 356 2905 at
365 2857 539 2906 infirmitatem
550 2869 666 2919 peecare,
677 2857 818 2905 humanum
830 2876 837 2916 ;
851 2857 957 2904 scienter·
969 2859 993 2904 et
1003 2855 1152 2917 voluntario,

88 2926 259 2978 diabolicum.
394 2970 401 2981 ,

120 3002 247 3051 llomiues
264 2999 365 3060 quidem
380 2998 480 3060 fragiles
498 3004 524 3048 et
536 3001 615 3059 ignari
635 3012 704 3049 nuuc
717 3011 820 3057 sumus,
832 3002 858 3046 at
877 2998 984 3059 aequales
996 2997 1096 3061 Angelis
1107 3001 1154 3050 ali-

88 3070 198 3134 quando
210 3068 306 3128 futuri,
321 3068 417 3117 scillcet
434 3071 459 3116 in
473 3070 664 3118 resurreetione.

120 3143 292 3206 Quoadusque
311 3147 396 3190 autem
413 3142 445 3190 ad
463 3142 613 3204 Angelorum
631 3143 806 3203 perveniamus
820 3145 992 3204 sanctitatem,
1005 3145 1153 3197 diaholleam

87 3215 184 3264 saltem
198 3224 333 3262 caveamus
343 3211 466 3260 malitiam
477 3231 484 3272 ;
496 3224 570 3260 omne
583 3212 684 3272 quidem
699 3211 846 3260 horreamus
859 3218 999 3273 peccatum,
1011 3219 1036 3263 at
1050 3227 1154 3276 praeser-

87 3287 139 3334 tim
160 3279 332 3339 diabolicum,
352 3284 377 3328 et
397 3293 427 3328 ex
446 3280 563 3329 malitia:
591 3281 699 3328 l'ertlatio
717 3293 762 3328 tros
778 3293 827 3328 nore
845 3281 1023 3343 apprehendat,
1042 3285 1091 3332 nisi
1106 3285 1154 3333 ltu·

87 3364 188 3408 ruem,
204 3360 336 3410 nunquam
349 3347 481 3397 diabolica.

124 3440 163 3488 ll.
182 3438 289 3498 Propter
305 3435 384 3496 qaod,
399 3426 571 3484 electissimi...
586 3436 613 3484 ln
627 3436 797 3498 superioribus
810 3435 952 3485 Corinthios
965 3442 1083 3487 exterruit
1091 3440 1151 3500 apo

88 3507 190 3567 stolns;
203 3504 300 3553 indicat
311 3502 354 3551 hic
365 3501 397 3551 ad
408 3501 468 3563 quid
480 3515 522 3551 eas
536 3506 697 3562 extorruerit,
710 3505 831 3552 nimirum
845 3511 872 3552 ut
883 3505 915 3553 ah
926 3506 1070 3568 idolothytis
1083 3521 1154 3555 avor-

87 3580 172 3635 teret,
189 3574 220 3623 de
232 3572 324 3634 quihus
336 3573 350 3620 a
362 3583 416 3633 cap.
431 3575 453 3620 8.
468 3572 639 3634 princlpaliter
649 3575 709 3633 agit.

121 3652 234 3712 Propter
247 3647 328 3708 quod,
342 3646 367 3694 ld
385 3649 435 3706 est,
447 3650 547 3708 propter
559 3658 587 3694 ea
603 3659 658 3707 quaa
672 3646 795 3696 hactenus
807 3647 837 3696 de
852 3640 988 3708 Israelitis,
1003 3648 1052 3696 dlxi
1064 3650 1151 3710 vohis,

90 3720 105 3770 o
120 3718 265 3769 charissimi
277 3717 343 3764 mel!
358 3714 406 3763 Seu
418 3718 583 3777 quapropter,
595 3713 643 3763 hoc
656 3719 685 3764 ut
696 3717 730 3763 lta
742 3717 787 3775 sit,
803 3719 831 3763 ut
844 3728 887 3764 vos
904 3716 1004 3776 adjuvet
1016 3716 1095 3777 lleus,
1112 3719 1153 3780 su-

89 3791 154 3852 qite,
168 3784 259 3849 procul
273 3788 351 3832 estote
364 3785 449 3832 animo
465 3787 489 3831 et
505 3795 608 3845 corpore
620 3783 652 3832 ab
663 3784 825 3841 idolotatria,
840 3784 864 3832 id
879 3788 929 3844 est,
946 3785 977 3831 ab
993 3783 1151 3848 idolothytis,

89 3871 136 3907 sau
151 3853 344 3906 immolatarum
356 3855 472 3902 carulum
482 3853 648 3911 comestione,
659 3865 715 3913 quae
729 3853 843 3913 quaetlam
858 3856 894 3901 est
908 3852 1061 3915 idololatria,
1073 3857 1150 3916 quia,

90 3932 120 3978 ut
136 3927 204 3979 dicet
219 3938 248 3976 u.
262 3924 302 3974 εί).
316 3924 474 3987 participatio
489 3925 525 3972 est
538 3921 719 3970 sacrilleiorum
737 3923 867 3970 darnoniis
880 3921 1029 3970 oblatorum.
