2520 4440
104 265 158 319 182
403 260 674 315 dhissunmnn
691 254 875 310 horinos
909 299 914 311 .

103 360 234 418 mnetam,
246 354 411 415 rationalem,
428 353 598 417 spiritualem,
612 365 657 403 sen
671 351 784 415 spiritui,
793 346 998 400 mortificationis
1015 341 1096 395 oultro
1107 338 1160 390 sub-

106 426 221 475 missam.
272 433 273 437 ’

133 492 214 552 liuius
223 490 340 543 saoridoli
353 490 457 540 modurn
471 493 496 539 et
509 490 607 552 praxim
622 487 679 537 vide
693 486 920 554 in'commentarlo
937 496 968 533 n.
985 486 1009 531 i.

133 561 242 611 lientem
253 575 325 611 suam
336 554 438 610 hseenh
446 558 626 622 cupiditatibus
636 557 797 616 abstractam,
805 555 838 604 de
848 554 888 604 die
898 556 926 603 ln
937 552 1008 602 diem
1014 547 1161 606 renovanda,

103 633 178 692 atque
191 628 370 679 sanotldeando
379 641 428 691 per
440 628 596 689 trequentem
606 662 612 686 ,
624 630 664 686 et,
676 627 698 675 sl
709 625 763 673 lieri
777 625 871 685 potest,
886 621 1041 693 continuam
1049 617 1081 667 ad
1091 615 1162 664 deun

103 699 311 763 applicationem,
327 699 377 760 qud
393 701 527 759 cognoseat
542 701 567 746 et
578 693 731 756 laoiatuuod
747 693 813 742 lleus
824 692 879 741 vult
889 728 896 752 ,
908 689 977 753 quad
988 689 1040 738 lieo
1053 688 1163 748 gratum,

102 767 219 829 quodque
229 769 408 828 gratissimum.
425 766 487 815 Vide
499 769 526 815 in
540 763 726 818 Commentario
737 773 839 810 versum
850 759 1004 809 seeundum.

133 836 162 885 ln
175 849 222 885 suo
242 839 309 885 statu
330 839 355 883 et
373 834 476 893 ordiue;
494 836 565 894 Juxta
581 833 625 882 liei
647 830 804 880 voluntatem
824 825 1016 891 permanendo,
1030 826 1057 873 in
1072 833 1161 884 eoque,

100 907 172 964 Juxta
188 903 232 953 llel
252 904 348 952 donum
363 902 410 952 sibl
428 901 566 961 collatum,
581 899 669 951 sancte
687 903 712 948 et
723 897 837 948 modesti
851 896 902 961 ileo
915 899 942 946 et
952 889 1162 957 beelesimdeeer·

102 972 203 1022 aiendo.
215 971 277 1021 l'ide
288 974 376 1022 versus
389 973 412 1031 l,
424 973 489 1032 5,·o,
501 975 550 1020 eto.

473 1070 541 1129 Quid
550 1057 665 1132 prosimu
677 1068 801 1117 dehernus.

134 1159 219 1220 ipsum
233 1158 305 1218 vere,
317 1157 415 1208 slnoe'ri
425 1194 432 1218 ,
444 1156 506 1219 purd
520 1155 622 1216 diligere
635 1174 642 1212 ;
656 1157 740 1217 ipsum
760 1153 856 1203 honore
875 1153 1033 1214 praevenire,
1045 1154 1076 1200 ut
1088 1148 1160 1209 hilum

103 1225 162 1287 liei,
174 1227 276 1277 tratrem
297 1232 427 1285 nostrum,
442 1227 586 1276 membrum
609 1225 716 1284 Christi,
731 1222 937 1275 eommernbram
963 1225 1092 1275 noenum.
1107 1220 1160 1269 lide

102 1309 189 1346 versus
201 1300 216 1346 9
230 1301 255 1345 et
269 1301 306 1346 td.
321 1299 369 1359 ipsi
390 1298 476 1345 omnia
492 1295 623 1343 eharitatis
635 1293 732 1354 odinis,
742 1294 814 1353 juxta
831 1294 928 1341 statum
946 1293 973 1339 et
991 1292 1160 1350 occasionem,

103 1365 252 1415 exhibendo.
261 1365 323 1414 Vide
335 1377 436 1415 versum
448 1363 575 1413 decimum
590 1364 703 1412 tertium.
862 1378 865 1382 *

487 1464 554 1523 Quid
565 1465 637 1514 nobis
655 1463 779 1513 debemus.

132 1552 218 1600 Animi
230 1551 455 1614 promptitudinem
470 1550 503 1600 ad
516 1551 644 1612 oliioium,
659 1550 762 1614 spiritis
775 1548 900 1598 terrorem
913 1550 941 1597 et
951 1545 1127 1611 'amentatem
1136 1552 1160 1600 ut

102 1622 145 1681 qul
158 1620 224 1680 lieo,
239 1621 297 1681 Regi
307 1633 409 1681 regum,
422 1624 447 1668 et
457 1620 563 1669 homino
575 1619 763 1669 dominantium
771 1619 899 1668 servimus
910 1635 917 1666 r
929 1616 1041 1679 ideaque
1052 1619 1158 1683 gaudere,

102 1700 215 1806 sperrlasse,
226 1689 343 1738 alacriter
356 1700 444 1750 agere,
456 1690 581 1752 patienter
598 1691 740 1750 sustinere,
753 1690 879 1738 instanter
897 1698 981 1738 orare.
993 1687 1065 1743 ,Vide
1083 1701 1159 1738 renus

120 1837 366 1888 ‘Strenuum-Duas
382 1841 450 1889 eirea
460 1839 646 1903 eleemosynam
660 1839 877 1890 taciendam-nota
891 1839 1059 1891 conditiones
1069 1840 1113 1891 hlo
1123 1853 1159 1904 ap

101 1905 195 2023 {gisem
211 1906 244 1956 ab
255 1905 370 1969 Apostoio
384 1925 392 1956 a
408 1908 458 1966 Qui
469 1908 558 1958 tribuit
572 1911 601 1958 in
614 1909 803 1971 simplicitate...
821 1909 872 1967 Qui
888 1909 1027 1960 miseretur
1036 1911 1065 1960 iu
1078 1907 1159 1960 mirri

87 2027 88 2030 ¹
132 2009 216 2092 Primii
228 2043 301 2095 debet
315 2030 475 2109 eleemosyna
490 2048 566 2097 tribui
579 2047 741 2110 simpliciter,
754 2049 782 2095 in
801 2058 915 2109 paupere
931 2047 1038 2099 tautdm
1056 2048 1159 2098 consue

101 2111 180 2160 raudo
195 2113 261 2174 quod
271 2116 423 2165 considerari
441 2116 530 2176 debet,
544 2118 668 2166 nimirum
679 2115 746 2177 qudd
762 2119 800 2164 est
811 2127 926 2178 pauper,
942 2116 1015 2178 quod
1025 2121 1065 2167 est
1077 2117 1158 2168 Christi

18 2179 20 2185 '
101 2181 260 2244 membrum,
274 2183 451 2247 Christumque
463 2190 635 2248 representat.

131 2249 184 2299 Nou
195 2251 338 2302 attendatur
349 2267 383 2303 an
399 2256 431 2303 sit
442 2257 554 2314 amiens,
568 2254 653 2315 utilis,
667 2257 753 2316 gratm
765 2253 881 2314 iuturus,
891 2266 946 2304 non
957 2257 1039 2306 etlam
1057 2257 1159 2318 inquin-

101 2319 143 2364 tur
154 2319 293 2380 curiosius,
303 2334 336 2370 au
349 2323 431 2371 bonus
444 2325 493 2383 eit,
505 2336 538 2372 an
545 2323 677 2385 dyscolus,
689 2336 722 2372 au
737 2322 826 2382 lictus,
840 2325 892 2372 ete.
1122 2348 1125 2352 <

131 2383 166 2432 lle
183 2389 302 2436 scruteris
322 2390 420 2438 curiose
433 2402 574 2452 pauperum
591 2394 684 2451 vitam,
695 2393 771 2450 atque
782 2391 900 2450 negotia,
911 2389 1093 2454 aitll.Chrys.
1108 2403 1158 2441 nam

100 2453 218 2531 entremae
227 2453 289 2503 illud
299 2457 437 2507 insolentia
448 2463 501 2518 est,
514 2471 559 2520 pro
570 2471 622 2508 nno
634 2471 700 2522 pane
710 2462 790 2507 totam
803 2457 917 2506 hominis
934 2459 1026 2508 miseri
1036 2462 1116 2510 vitam
1126 2472 1159 2508 eu·

101 2520 167 2600 riost
184 2522 325 2584 inquirere,
336 2528 435 2576 etiamsi
454 2527 530 2577 luerit
544 2527 622 2588 latro,
636 2533 696 2588 eto„
715 2526 862 2587 homicida,
869 2530 919 2576 eto.
939 2529 1045 2578 etiamsi
1060 2531 1159 2591 teipsum

101 2592 297 2670 interempturus
307 2599 383 2654 esset,
392 2608 472 2657 neque
482 2599 519 2647 sio
529 2601 615 2646 tamen
626 2597 692 2646 tame
704 2596 860 2664 laborantem
872 2599 1042 2646 contemnere
1051 2598 1158 2655 deberem

101 2668 160 2715 quia
178 2658 316 2722 discipulus
329 2661 397 2713 illius
416 2677 457 2724 es,
470 2667 514 2725 qui
530 2666 558 2714 in
576 2667 630 2727 ipsa
647 2677 724 2715 erues
737 2665 805 2728 dixit
820 2675 866 2725 pro
882 2676 910 2714 se
931 2665 1159 2731 crucifigentibus,

101 2725 187 2783 Peter,
201 2728 298 2788 innuere
310 2730 376 2789 illis,
388 2737 432 2781 ete.
443 2732 500 2781 llaeo
512 2736 537 2782 et
549 2733 599 2782 alla
611 2733 692 2783 multa
703 2730 846 2782 villellam.
856 2733 897 2781 21.
906 2729 940 2782 ln
952 2732 1005 2783 hos
1014 2747 1039 2785 e.
1055 2736 1093 2784 12.

131 2792 245 2844 Secundo
258 2797 331 2847 debet
345 2798 457 2849 hilariter
470 2801 534 2851 dari.
552 2801 614 2851 l'ide
625 2800 842 2852 commentarium
855 2812 884 2849 a.
896 2804 921 2850 8.
936 2800 1022 2862 liuius
1035 2801 1160 2852 hilaritatis

101 2860 223 2922 rationes,
237 2865 293 2913 tum
306 2876 336 2914 ex
346 2869 416 2928 parte
428 2870 528 2929 miseri,
541 2872 598 2918 tum
608 2881 639 2918 ex
650 2872 722 2931 parte
733 2864 890 2928 miserentis,
900 2869 961 2934 vide
978 2868 1087 2920 ibidem.

101 2939 532 3069 eoelgprglodn-duigigogetsshrlstlaaam
544 2951 685 3008 vindictam
698 2953 759 3000 nota
769 2949 897 3011 quantum
909 2950 1015 3002 differat
1026 2940 1160 3003 seruiunt

130 3074 238 3142 Putant,
250 3087 275 3131 et
291 3083 353 3134 falso
367 3053 456 3148 putant
472 3087 518 3137 tilii
529 3088 715 3149 hujusseouli,
726 3087 794 3150 qudd
809 3101 863 3138 non
878 3087 987 3151 uleisel,
1002 3093 1038 3140 sit
1051 3103 1162 3141 suenum-

99 3141 160 3191 bere
176 3164 183 3192 z
196 3151 222 3195 at
234 3153 320 3200 eontra
331 3153 437 3214 Spiritus
447 3155 492 3204 liei
503 3154 591 3218 dooet,
607 3157 674 3218 qudd
686 3157 789 3217 uleisel,
801 3159 835 3206 sit
850 3159 1039 3220 succumbere,
1054 3165 1081 3209 et
1091 3161 1160 3209 vinei.

131 3211 206 3262 lineet
222 3221 340 3294 praterea
358 3233 447 3273 verum
464 3226 490 3272 et
504 3223 619 3274 divinum
632 3226 750 3275 uincendi
762 3225 884 3287 modum,
898 3231 925 3277 et
939 3230 1014 3278 omni
1026 3218 1107 3291 gloria
1117 3228 1163 3290 dis⁴

101 3290 164 3327 num
177 3298 183 3328 :
199 3282 307 3334 Vinceia
321 3289 393 3339 bonu.
953 3305 956 3308 ’

130 3346 270 3401 OErristiaud
286 3355 374 3407 ulcissi
393 3361 418 3406 et
435 3360 553 3420 sineere,
567 3364 605 3410 est
619 3361 744 3412 malitiam
757 3362 870 3413 bonitate
883 3375 1010 3426 superare
1022 3384 1031 3415 e
1043 3369 1090 3428 qul
1102 3367 1162 3415 enin

99 3416 219 3533 zilrlriaatait,
235 3422 345 3506 seipsam
357 3427 453 3498 vincli,
470 3427 501 3476 de
518 3430 623 3479 inimico
640 3430 796 3493 triumphat,
811 3443 890 3492 quem
902 3433 953 3487 sibi
969 3438 997 3483 et
1015 3434 1068 3484 lieo
1083 3444 1162 3485 reeen-

124 3550 200 3629 'ilane
215 3557 318 3638 ualeam
333 3538 477 3637 ‘vindictam
487 3560 552 3612 beas
565 3564 638 3615 nobis
652 3565 1069 3634 permittit,1mopraeoipit.hpo
1088 3576 1162 3620 umen

101 3619 156 3666 dieo
167 3620 251 3678 vobo,
262 3625 380 3686 Dilapsis,
391 3633 434 3676 ets.

101 3683 316 3803 chgrillggrse'bonei
328 3692 360 3740 da
370 3693 531 3784 quod‘jubes,
540 3700 569 3746 ut
584 3701 633 3749 sim
643 3702 702 3779 rere
714 3699 783 3791 fliius
792 3706 872 3763 tuus,
884 3705 931 3764 qni
943 3708 1018 3757 totus
1031 3703 1163 3757 multaret

103 3881 118 3931 ι
130 3816 166 3932 gg.
178 3817 226 3867 hoe
237 3827 322 3904 saneto
333 3826 450 3876 vincendi
464 3830 539 3882 modo
555 3811 635 3885 multa
646 3835 790 3886 referuntur
807 3820 925 3902 exempla
937 3852 1016 3892 saara
1028 3845 1056 3894 et
1066 3839 1163 3906 protana

165 3885 253 3936 ruehl
269 3888 328 3953 Lep.
340 3892 391 3942 hie.
401 3893 463 3945 Vide
477 3899 505 3949 ln
516 3899 756 3956 commean'versus
770 3908 810 3967 tl,
824 3909 864 3968 ta,
875 3909 917 3971 td,
930 3911 973 3960 21.
1055 3960 1066 3969 ,
