2520 4440
209 246 377 299 riticius
395 242 618 302 Exposirw.
638 249 720 303 CAP.
741 242 798 303 lii
1004 253 1037 305 Μ

70 341 269 399 monacorum
276 345 418 398 Deustau-
468 340 507 395 An
526 342 593 397 lleus
614 342 760 395 laicorum
776 341 878 396 uatum
894 344 934 397 ut
950 344 1040 397 Demi

73 432 150 473 (mne
160 425 189 472 02
197 421 415 476 Gentiumssmpi
437 408 525 461 Nonne
540 411 608 461 idem
621 415 646 461 ct
655 412 727 474 mil&
739 412 878 465 Goilffllllm
891 410 959 465 Μ
976 416 1040 465 θΙΗ

70 493 174 561 pium·
228 548 232 553 Ι
436 482 473 600 gc
496 480 728 600 saurtlffieutillum
751 482 823 547 cqul
837 496 869 535 cc
890 482 1039 537 latinorum

474 563 542 601 uses
555 586 562 600 .

70 617 208 681 Quoniam
217 617 331 689 quidem
343 632 416 670 unus
468 618 531 681 Quia
550 618 608 680 erge
624 631 692 669 unus
707 620 825 669 omnium
836 622 876 671 ccl
886 618 969 683 Bm,
982 618 1036 685 olip-

71 696 194 762 1123,qu
211 695 344 762 justificat
361 698 417 750 cir.
438 701 501 737 num
513 693 617 736 utunus
630 689 663 737 sit
673 688 792 749 omnibus
802 688 994 740 stcircumcistr
1010 693 1037 739 et

71 773 174 827 ponem
185 787 219 827 εχ
228 774 283 828 fide
310 758 416 843 eim,
438 758 624 808 incircumcisis
640 752 828 819 iustificationis
843 756 949 820 mollum
966 757 1036 809 selli-

981 836 1036 877 u·

71 973 161 1027 egem
169 960 237 1028 ergo
246 960 416 1017 destruimus
467 962 517 1013 Nec
534 963 601 1014 dieat
618 964 720 1016 iudans
730 958 800 1028 quod
810 965 859 1017 hle
873 964 904 1016 olc
917 963 1035 1019 cisom-

71 1050 121 1089 ειη
131 1054 139 1091 2
151 1038 232 1092 ,ipsit
244 1055 252 1093 :
266 1037 316 1092 sed
326 1038 416 1106 legem
437 1032 504 1082 trini
516 1033 596 1095 legem
606 1033 741 1085 Massicum
760 1035 877 1085 olestmct
888 1034 941 1085 imo
955 1033 1034 1096 legem

72 1127 128 1167 ms,
438 1101 537 1151 stabilio
545 1121 553 1162 3
570 1103 624 1164 ipsa
639 1105 708 1153 enim
726 1103 857 1163 Christum
872 1108 898 1153 et
911 1105 1035 1165 iustitiam

438 1173 493 1231 ejus
508 1170 641 1232 figurarit,
656 1172 786 1234 praerllrlt,
798 1178 823 1222 et
840 1175 955 1236 promisit
965 1193 971 1233 ς
981 1176 1037 1234 Jus-

438 1239 494 1288 titia
511 1237 568 1299 ergo
579 1251 624 1300 per
634 1237 711 1288 ilrlerrr
722 1238 816 1289 Christi
831 1240 913 1301 legem
924 1240 1034 1300 stabilit,

439 1306 514 1365 cuius
537 1307 644 1368 veritas,
658 1306 763 1358 eftectus
779 1310 804 1359 et
822 1308 1035 1373 complementum

439 1378 486 1425 ost.

72 1534 163 1597 rlper
176 1530 254 1583 fldem
262 1550 271 1594 ς
284 1534 314 1582 ut
330 1532 482 1597 explicatum
497 1537 535 1584 est
550 1535 626 1598 supro
638 1547 695 1599 pag.
709 1535 749 1585 24.
761 1536 808 1586 eici
823 1524 883 1598 legis
896 1547 971 1600 opera
981 1549 1035 1589 ueu

73 1652 256 1748 condomas
271 1686 337 1737 Deus
348 1687 463 1737 tontum?
474 1689 546 1750 qussi
558 1686 653 1738 eliceret
665 1700 672 1736 ε
684 1687 717 1737 lit
726 1686 770 1738 irlc
780 1686 934 1748 justificandi
945 1689 1036 1741 medus

73 1769 123 1806 nus
135 1759 189 1818 est,
200 1757 243 1817 qui
256 1756 315 1805 crim
327 1758 359 1805 sit
368 1760 482 1806 oninium
493 1758 572 1819 lleus,
584 1760 612 1808 in
626 1768 714 1809 omnes
725 1756 812 1809 debuit
821 1769 894 1807 suam
906 1756 1036 1807 effundere

73 1822 192 1886 ordicm3
204 1825 323 1876 omnibus
334 1825 394 1876 dare
404 1827 492 1877 salutis
503 1828 638 1878 meritum·

74 1909 186 1957 occicus
203 1909 303 1970 quidem
314 1922 382 1958 aare
391 1914 426 1958 ert
440 1910 515 1958 Deus.
528 1910 599 1959 Sicut
609 1912 696 1959 autem
708 1921 775 1959 uuus
786 1913 824 1959 est
835 1909 917 1971 lleus,
930 1910 968 1959 stc
979 1921 1035 1958 cm-

74 1979 133 2028 slre
144 1978 319 2039 circumcisis,
330 1981 383 2028 sire
392 1981 593 2041 incircumcisis,
606 1992 688 2029 uuum
699 1983 737 2028 est
746 1979 780 2028 ad
793 1980 900 2031 salutem
912 1978 1035 2037 medium,

80 2046 147 2096 tides
162 2047 189 2095 iu
208 2046 347 2098 Christum.

74 2115 120 2166 llei
130 2114 250 2164 honitasi
267 2118 327 2176 quia
342 2130 407 2167 uuus
418 2120 533 2167 omnium
546 2117 627 2177 lleus,
640 2129 723 2166 unum
735 2115 778 2164 dut
790 2116 908 2165 omnibus
923 2113 1036 2162 medium

75 2190 131 2234 tem
139 2203 147 2244 ;
159 2186 219 2243 quia
231 2196 282 2233 nou
294 2189 409 2247 poterant
427 2199 514 2236 omues
531 2186 648 2235 homiues
662 2184 842 2247 lerosolymam
857 2186 893 2232 lrc
910 2180 1037 2233 sacritica-

74 2254 174 2303 nultus
185 2253 333 2303 hominibus
344 2255 458 2304 eamdem
475 2257 592 2318 proponIt
606 2256 791 2318 propitiationis
802 2255 949 2313 victimam,
959 2262 1037 2311 quum

74 2334 169 2375 :suam
188 2320 277 2372 reddat
291 2336 335 2385 per
356 2323 449 2386 tidem,
466 2326 563 2387 sibique
584 2327 712 2388 propriam
728 2323 819 2373 efficiat
838 2326 863 2371 et
876 2321 927 2371 lleo
947 2331 993 2382 pro
1010 2331 1037 2368 sc

75 2488 145 2538 mm
156 2488 216 2537 “9⁰
228 2475 379 2523 dormimus
388 2489 433 2537 per
441 2477 534 2539 fidem?
546 2478 634 2538 obiicit
643 2477 690 2527 sibi
702 2475 768 2537 qued
781 2474 860 2524 ludaei
869 2472 983 2522 solebant
993 2470 1037 2519 ab·

80 2544 194 2605 scilicei,
209 2544 277 2604 nuci
294 2544 347 2593 haec
362 2544 393 2592 dc
410 2545 459 2594 tide
472 2546 586 2597 doctrina
604 2547 685 2608 legem
705 2544 852 2593 destrueret.
864 2542 912 2591 cul
929 2540 1037 2589 breviter

75 2614 127 2663 iet:
143 2611 261 2674 quinimo
274 2612 376 2662 stabilit.
390 2613 440 2663 Lex
455 2617 524 2664 enim
540 2614 672 2677 figuravit,
684 2612 811 2676 pradinit,
823 2611 938 2673 promisit
951 2608 1038 2658 Chris-

75 2684 212 2742 iustitiam,
223 2681 424 2743 quemchristus
435 2683 532 2744 attulit,
542 2683 596 2733 haec
606 2683 663 2745 ergo
670 2683 782 2744 iustitia,
792 2693 836 2743 per
847 2678 923 2727 iidem
934 2675 1036 2733 Christi,

79 2751 180 2813 legem,
200 2753 276 2811 cujus
292 2753 329 2799 esi
341 2752 449 2813 veritas,
462 2752 582 2814 effectus,
599 2752 833 2816 complementum:
848 2744 1038 2798 concluserim

75 2836 114 2872 m·

76 2938 146 2988 mam
157 2937 272 3000 pietatis,
284 2950 326 2986 ceu
337 2937 365 2986 in
379 2937 424 2987 too
435 2937 515 3000 capite
529 2937 564 2987 cri
575 2935 696 2999 piantem
706 2930 816 2984 mouiml
827 2929 952 2986 comodo,
972 2933 994 2977 et
1012 2927 1039 2975 ia

366 3007 470 3068 prosim
479 3006 625 3068 retinendo.

76 3102 191 3170 c'capitc
203 3109 292 3167 tertio,
307 3109 366 3155 nota
379 3107 429 3156 duo
441 3119 533 3168 magna
546 3104 696 3155 Christiana
711 3102 813 3165 pietatis
828 3097 963 3161 principia.

76 3190 106 3227 ru
126 3190 285 3228 unicornuus.
297 3176 427 3226 -Omnis
440 3188 543 3238 prorsus
557 3174 653 3234 hemo,
672 3173 716 3235 qui
735 3174 772 3219 est
793 3171 820 3218 in
841 3166 953 3224 mundo,
968 3165 994 3212 iu
1014 3175 1041 3211 sc

76 3261 109 3307 rs,
121 3249 185 3296 etin
201 3248 255 3296 suis
266 3245 338 3295 factis
347 3248 471 3307 propriis,
486 3255 558 3293 reum
570 3255 597 3292 sc
608 3240 681 3290 taterl
695 3239 768 3288 debet
784 3247 871 3286 corum
883 3234 947 3293 lleo,
959 3236 984 3279 et
997 3233 1041 3280 ira

76 3318 226 3367 obnoxium.
238 3316 299 3365 lide
313 3329 339 3366 n.
354 3321 381 3365 til
394 3322 418 3364 et
430 3318 469 3364 28.

77 3401 104 3437 rc
122 3388 250 3450 principio
262 3388 345 3434 omnis
358 3385 493 3434 huminum
507 3382 625 3446 superbla
642 3378 800 3430 annihilatur
808 3395 817 3436 i
828 3385 912 3423 omncs
922 3382 1040 3435 pcceoee-

77 3463 98 3506 et
113 3462 186 3519 operit
201 3455 288 3518 pierio
304 3455 378 3504 Dei...
393 3455 509 3502 subditus
521 3454 583 3515 fiat,
599 3454 648 3499 etc.

77 3527 122 3588 ,uls
142 3528 208 3586 sim,
219 3529 337 3587 peccator
352 3528 428 3572 uatus
444 3524 645 3584 sum,peccatcr
656 3519 731 3576 alvo,
741 3518 767 3563 et
782 3513 832 3562 nisi
842 3506 893 3558 mel
908 3504 1040 3555 miseretur

77 3599 189 3658 ¹>recenter
201 3596 305 3645 moriar.

78 3667 157 3724 time,
167 3676 257 3725 geme,
272 3663 421 3723 humiliare,
439 3675 498 3721 cra,
513 3659 649 3710 salvatoris
665 3665 739 3716 opem
746 3646 869 3733 implora.

77 3736 205 3786 rs-ilirc
215 3737 320 3784 veritate
335 3746 471 3797 persuasus
484 3737 559 3780 tuum
574 3741 620 3791 pro
633 3725 767 3788 praetcrltrs
778 3721 877 3766 reatum
888 3716 1041 3770 agnoscens»

78 3819 93 3855 c
109 3808 138 3855 lu
156 3806 274 3867 prasenti
289 3804 464 3853 infirmitatem
483 3802 608 3858 sentiens,
620 3795 764 3854 frequenter
775 3795 860 3834 coram
871 3781 920 3826 ileo
931 3777 1041 3836 Ρῐθθῑθῐ·

78 3878 202 3926 restratus
213 3879 239 3924 ct
249 3875 353 3939 supplex
363 3875 467 3927 reniam
478 3875 535 3935 pete
546 3880 591 3932 pro
600 3862 728 3928 praeterito
737 3876 746 3918 ;
754 3852 842 3904 salutis
853 3856 926 3909 ollem
935 3838 1041 3901 lffll¹⁰i¹

78 3945 188 3996 sentiet
200 3941 296 3995 tuturo.
874 3977 905 4031 ²,
