2520 4440
160 211 213 263 t08
453 207 660 261 EPISTOLAE
680 207 729 259 AD
746 204 933 259 aculcos

159 303 218 353 lacti
242 317 347 365 sumus;
367 314 424 366 spes
441 306 528 353 arrum
549 315 602 352 non
624 305 661 351 est
684 300 715 350 ue
731 313 758 348 re
780 297 1211 368 musspesautemqueevidetur,

158 376 273 434 presenti
285 378 310 423 et
325 385 381 435 qum
394 377 511 435 tenetur;
524 372 590 434 quod
602 373 672 421 enim
682 369 758 420 habet
779 393 837 433 110„
847 385 889 434 est
899 393 963 446 spes
973 395 979 433 :
988 392 1054 431 nam
1063 376 1214 445 quodvidet

158 447 184 492 ct
193 447 263 493 tenet
276 444 368 507 homo,
382 443 445 493 illud
459 456 505 494 cur
516 443 620 506 speret?
781 458 862 524 quis,
878 457 947 525 quid
963 456 1077 524 sperat?

189 532 253 585 cum
272 546 329 596 ergo
341 546 397 596 spes
408 535 441 583 sit
452 533 595 583 absentium
607 569 613 593 ‚
630 543 682 582 non
693 541 758 594 pra·
814 540 859 591 25,
876 537 904 591 Si
917 542 1012 591 autem
1024 535 1103 604 quod
1113 548 1169 588 „011
1179 533 1214 586 pp.

159 607 283 665 sentiom;
294 604 356 654 hinc
370 605 561 667 ingemiscimus
572 604 650 665 etper
659 603 758 664 patien-
781 614 895 680 demus,
917 628 1090 682 speramus-‚A
1103 626 1153 682 per
1164 625 1214 680 μ.

159 677 221 724 tiam
234 676 421 740 exspectamus,
432 673 512 726 donec
524 673 706 738 possideamus.
777 693 906 748 ,femiam
915 700 1120 761 exspectamus·

189 771 310 823 Pretercl
322 775 346 821 et
357 772 465 834 Spiritus
475 771 584 822 Sanctus
593 774 706 822 nostram
714 770 760 820 ad·
815 773 860 824 26.
873 771 1005 824 Similiter
1013 776 1109 825 autem
1119 774 1146 823 ct
1160 767 1213 835 Spi-

158 840 497 902 Juvatiuiirmitatem,qum
512 843 583 889 tanta
594 842 691 901 est,ut
700 852 759 889 nes-
781 846 851 898 ritus
885 845 999 913 adjuvat
1037 845 1214 898 infirmitatem

161 912 258 958 ciamus
276 906 338 970 quid
360 911 407 956 aut
430 908 538 970 qualiter
560 920 676 967 oremus,
693 909 760 958 sicut
781 930 906 978 nostram
917 941 924 977 :
937 938 1004 977 nam
1013 923 1084 991 quid
1097 936 1212 984 oremus,

160 982 274 1060 oportet,
286 980 315 1060 ut
330 977 512 1059 exaudiamu13
526 976 570 1025 sed
583 978 636 1039 ipse
652 977 759 1039 Spiritus
782 1003 853 1055 sicut
866 1007 976 1068 Opone,
1004 994 1161 1054 nescimus,
1174 997 1214 1051 sed

160 1047 277 1096 habitans
293 1059 320 1094 m
330 1045 416 1105 nobis,
430 1047 560 1107 nostrique
572 1059 660 1096 curam
672 1049 759 1109 singu·
983 1040 992 1068 '
1154 1039 1161 1064 ’

161 1114 239 1162 larem
254 1126 357 1175 gerens,
369 1113 478 1176 postulat
487 1126 532 1176 pro
545 1113 617 1163 nohis
629 1118 700 1164 tanto
711 1114 761 1164 ier·
782 1079 842 1168 ipse
855 1079 974 1168 spffrftus
983 1078 1214 1169 P⁰⁸¹¹¹¹³Qf²¹¹⁰
1241 1114 1244 1122 ·

161 1195 221 1232 sore
237 1187 262 1232 et
272 1182 449 1244 vehementiu,
466 1187 496 1232 ut
509 1195 556 1234 nec
568 1196 685 1235 enarrare
700 1197 760 1247 pos-
781 1153 1211 1244 b¹⁸sseffllubssslsseiifflabllibut

161 1251 250 1300 simus.

161 1435 193 1485 ad
204 1433 342 1498 perlectam
354 1435 529 1498 adoptionem,
544 1449 588 1485 sou
600 1436 632 1486 ad
644 1437 689 1489 Dei
706 1437 811 1500 gloriam
824 1457 831 1487 ε
844 1440 903 1500 quia
921 1437 1036 1500 seilicet,
1051 1451 1096 1501 spo
1109 1437 1210 1501 tantum,

162 1503 276 1553 nondum
292 1517 334 1566 re,
347 1504 415 1554 solvi
430 1504 491 1567 facti
505 1519 603 1555 mmor.
1040 1566 1043 1571 ,
1126 1501 1129 1507 ’

193 1575 255 1638 Spes
268 1581 351 1625 autem
364 1589 418 1638 qao
430 1575 529 1625 videar
531 1609 579 1626 .....
590 1576 616 1624 id
630 1580 682 1638 est,
694 1591 749 1640 spec
762 1583 846 1627 cctam
857 1590 909 1627 non
919 1581 957 1629 cst
966 1577 999 1635 (le
1009 1570 1040 1627 rc'
1046 1615 1053 1638 ,
1064 1591 1120 1640 quc
1129 1576 1210 1627 mucor

162 1648 187 1694 ct
200 1644 340 1715 possidetur
348 1665 356 1707 3
372 1654 431 1694 com
449 1646 517 1708 qood
531 1646 599 1696 videt
613 1649 685 1708 quic,
699 1653 742 1696 eto.
759 1647 785 1696 id
799 1650 850 1711 est,
862 1647 930 1713 quoti
946 1649 1005 1710 quis
1020 1647 1107 1709 videt,
1118 1648 1209 1697 tooetct

161 1714 288 1775 possidet;
302 1728 347 1764 cur
358 1718 440 1776 speret
456 1713 532 1776 illud,
546 1713 606 1765 etim
618 1718 671 1777 jam
683 1715 794 1764 haheat?

192 1803 231 1852 25.
249 1804 278 1851 Si
294 1808 378 1853 cutem
391 1803 458 1865 quod
468 1815 518 1852 con
530 1803 673 1852 uidemus...
691 1803 751 1852 cum
762 1816 819 1866 spes
832 1805 865 1853 sit
875 1815 962 1853 rerum
980 1815 1034 1853 non
1049 1806 1207 1866 praesentium,

162 1870 205 1922 sed
213 1869 357 1921 futurarum
367 1875 392 1921 et
403 1869 626 1934 exspectandarum
635 1883 679 1933 per
689 1873 837 1933 patientiam
847 1891 855 1933 ;
866 1871 927 1921 hinc
937 1872 1207 1934 ingemiscimus,donec
1247 1904 1250 1943 ;

162 1941 344 2002 possideamus.

190 2011 249 2061 ilaec
261 2014 313 2060 vita
332 2011 391 2062 vore
411 2011 526 2063 fidelibus
544 2015 582 2063 est
606 2012 812 2075 exspectationis,
830 2011 954 2074 gemitus,
971 2015 997 2062 et
1015 2014 1144 2074 patientie
1161 2014 1205 2061 viti.

161 2082 239 2145 lmpic'
254 2082 347 2132 ducunt
356 2083 435 2132 citam
448 2083 476 2132 io
490 2083 560 2133 bocio
579 2087 604 2132 ct
619 2084 646 2130 ln
663 2082 927 2143 gaudio;mor1untur
940 2087 1028 2131 autem
1046 2083 1074 2131 in
1085 2082 1205 2145 gemitibus.

163 2153 223 2203 Veri
232 2153 316 2204 ssdeles
327 2157 432 2216 gemunt
442 2156 469 2202 in
476 2155 542 2213 sita,
551 2152 669 2203 letantur
683 2154 710 2200 in
720 2154 788 2201 exitu
799 2171 805 2201 ι
819 2154 927 2202 letatus
936 2165 995 2202 scm
1004 2153 1033 2202 io
1045 2153 1146 2216 tic-pac
1157 2153 1205 2204 dicti

162 2230 220 2276 tuot
234 2225 314 2283 mihi,
326 2225 354 2273 in
368 2225 471 2272 domum
487 2223 588 2271 Domini
600 2221 704 2271 immae.

194 2315 233 2363 tc.
253 2311 374 2362 Similiter
389 2316 474 2360 cutem
486 2315 508 2360 ct
522 2311 634 2374 Spiritus
651 2308 787 2374 adjuvat...
801 2309 845 2361 Gr.
865 2309 942 2361 simul
960 2313 1053 2376 recipit
1068 2311 1203 2362 infirmitates

164 2388 270 2433 nostras.
285 2383 340 2444 syr.
353 2380 500 2444 opitulatur.

193 2453 283 2502 itidem
299 2455 323 2502 ct
339 2452 446 2514 Spiritus
465 2451 573 2502 Sanctus
594 2451 672 2503 simul
691 2453 814 2514 suscipit,
833 2464 877 2501 seu
893 2454 1051 2516 consusclpit
1068 2451 1203 2502 infirmitates

164 2525 275 2584 nostras,
292 2523 318 2572 id
332 2526 385 2582 eet,
398 2535 440 2571 eas
457 2525 529 2586 quasi
546 2536 625 2573 manu
646 2522 790 2585 supposita,
809 2521 942 2571 nobiscum
960 2526 1101 2584 sustentat,
1115 2535 1145 2572 ne
1157 2518 1202 2570 icl-

164 2592 261 2643 ciamus
274 2595 299 2642 et
309 2592 433 2641 labamur.
1082 2620 1085 2625 -

194 2663 260 2713 Nero
273 2662 334 2724 quid
345 2675 460 2720 oremus,
470 2662 536 2712 aeut
547 2668 656 2724 oportet,
666 2662 817 2711 necamus...
829 2660 909 2710 Tanta
925 2662 963 2710 est
973 2660 1110 2711 infirmitas
1123 2661 1202 2715 nouit,

165 2736 193 2782 ut
203 2733 338 2795 nequidem
347 2733 458 2780 sciamus
469 2733 530 2793 quid
537 2736 581 2781 aut
588 2731 696 2793 qualiter
707 2744 805 2780 mamas
812 2767 821 2789 ,
828 2731 893 2779 sicut
900 2736 1004 2792 oportet,
1015 2733 1046 2779 ut
1052 2729 1202 2780 exaudiamur.

195 2802 244 2851 Sed
254 2802 306 2862 ipse
318 2800 445 2861 Spiritus,
458 2799 554 2849 scilicet
564 2800 681 2849 habitans
695 2801 722 2847 in
733 2798 821 2859 nobis,
833 2798 962 2859 nostrique
972 2811 1066 2848 euram
1076 2810 1158 2861 gerens
1166 2796 1203 2845 sta·

164 2869 290 2934 guisiam,
300 2868 414 2932 postulat
425 2881 474 2931 pro
495 2871 581 2928 cobis,
594 2872 618 2918 et
633 2868 689 2918 loco
706 2867 786 2919 nostri
803 2867 870 2931 apud
885 2866 983 2928 licum,
1000 2868 1141 2931 interpellat
1150 2864 1202 2928 quasi

164 2942 309 2991 advocatus.
975 2987 978 2991 ,

195 3010 306 3060 Postulat
313 3012 399 3059 autem
409 3048 416 3070 ‚
425 3024 477 3061 non
488 3012 540 3073 ipss
549 3010 631 3072 solus,
640 3010 683 3060 secl
692 3010 742 3059 uni
750 3009 882 3059 nobiscum
890 3012 965 3071 etper
973 3020 1020 3061 nos
1028 3046 1035 3070 ,
1043 3008 1105 3059 dum
1113 3006 1203 3057 mocon

165 3083 190 3130 et
201 3092 244 3129 cor
257 3083 372 3130 nostrum
382 3117 389 3140 ,
401 3081 473 3142 quasi
487 3093 532 3128 sua
550 3080 678 3141 membra,
694 3082 792 3140 movet,
811 3077 950 3138 illuminat,
965 3079 1084 3134 accendit
1096 3081 1121 3128 et
1133 3075 1204 3126 excitat

163 3150 197 3199 ad
215 3149 355 3210 orandum,
375 3154 400 3199 ct
423 3148 558 3210 aliqnando
577 3152 648 3198 tanto
672 3147 777 3210 ardere,
796 3149 916 3210 tantique
933 3147 1113 3210 vehemeuttu,
1129 3148 1154 3197 ut
1170 3152 1203 3194 ott

165 3231 254 3282 capere
264 3255 270 3278 ,
279 3228 327 3268 nec
342 3230 460 3269 enarrare
470 3221 615 3281 possimus:
631 3218 686 3267 ideo
700 3217 833 3280 gemitibus
846 3217 1072 3267 inevacuabilium.

194 3288 268 3338 Hunc
282 3288 368 3339 Sancti
387 3288 495 3351 Spiritus
512 3288 631 3338 ellectum
647 3291 677 3337 ut
692 3287 791 3351 plenius
810 3286 949 3350 inteiligas,
961 3285 1065 3338 adverte
1080 3288 1105 3336 i·
1115 3282 1203 3336 aminis
1248 3326 1250 3349 2

166 3359 302 3409 miseriam.

193 3426 262 3478 Adeo
271 3428 358 3478 miseri
370 3441 459 3478 sumus
470 3464 477 3488 ,
489 3429 518 3477 ut
528 3428 647 3477 omnihus
659 3426 825 3488 indigeamus.
869 3490 871 3494 ι

193 3496 261 3548 Adeo
276 3497 387 3560 infirmi,
400 3501 428 3546 nt
439 3500 523 3560 petere
534 3510 586 3546 non
598 3495 736 3546 valeamus.

195 3567 262 3618 Adeo
273 3570 371 3629 ignari,
382 3570 412 3616 ut
425 3579 472 3616 nec
488 3569 599 3616 sciamus
609 3565 676 3628 quial·
684 3570 768 3628 petere
780 3564 924 3616 debeamus.

195 3637 303 3687 adverte
314 3639 340 3686 2⁰
354 3636 440 3687 Sancti
452 3635 560 3700 Spiritus
570 3636 702 3686 auxilium.
1099 3664 1102 3669 ,

196 3707 304 3772 Spiritus
323 3707 492 3771 Sanctusper
511 3706 660 3757 charitatem
682 3704 800 3756 cordibus
821 3705 914 3756 nostris
929 3701 1058 3763 infusam,
1078 3701 1135 3752 lacit
1149 3702 1171 3749 i·
1184 3695 1204 3745 iii

166 3777 304 3826 sentiamus
314 3775 381 3836 quod
396 3788 498 3834 sumus,
510 3774 608 3824 scilicet
620 3775 722 3834 miseri;
739 3777 765 3823 2⁰
778 3770 882 3834 adiuvat
898 3771 1090 3832 infirmitatem,
1105 3774 1132 3820 ut
1149 3776 1205 3818 orara

166 3848 291 3912 possimus
299 3865 306 3906 ;
314 3848 340 3894 3ο
353 3845 412 3896 iacit
424 3850 452 3895 ut
462 3847 586 3905 scimnus,
595 3843 774 3905 desideremus,
785 3847 809 3892 et
820 3847 935 3905 petamus
946 3841 1014 3904 quod
1024 3854 1078 3892 csse
1088 3840 1205 3890 dammum

165 3920 192 3965 et
204 3915 236 3966 oh
251 3914 278 3965 id
292 3914 417 3976 gemimus
430 3910 588 3964 ineiiauiliter
595 3932 604 3972 ι
620 3912 647 3963 iu
662 3915 715 3969 ast.
726 3911 787 3964 tacit
805 3915 834 3962 ut
846 3923 948 3963 oremus
963 3910 1035 3963 tantu
1049 3913 1074 3962 vi
1084 3947 1092 3973 ,
1103 3911 1205 3971 tantilli
