<?xml version="1.0" encoding="UTF-8"?>
<!DOCTYPE html PUBLIC "-//W3C//DTD XHTML 1.0 Transitional//EN"
    "http://www.w3.org/TR/xhtml1/DTD/xhtml1-transitional.dtd">
<html xmlns="http://www.w3.org/1999/xhtml" xml:lang="en" lang="en">
 <head>
  <title>
</title>
<meta http-equiv="Content-Type" content="text/html;charset=utf-8" />
  <meta name='ocr-system' content='tesseract 3.04.00' />
  <meta name='ocr-capabilities' content='ocr_page ocr_carea ocr_par ocr_line ocrx_word'/>
</head>
<body>
  <div class='ocr_page' id='page_1' title='image "./epistolarumbpau00berngoog_0019.png"; bbox 0 0 2520 4440; ppageno 0'>
   <div class='ocr_carea' id='block_1_1' title="bbox 93 229 1244 2291">
    <p class='ocr_par' dir='ltr' id='par_1_1' title="bbox 152 229 871 293">
     <span class='ocr_line' id='line_1_1' title="bbox 152 229 871 293; baseline -0.001 -12"><span class='ocrx_word' id='word_1_1' title='bbox 152 245 201 282; x_wconf 79' lang='lat' dir='ltr'>vru</span> <span class='ocrx_word' id='word_1_2' title='bbox 498 229 644 284; x_wconf 85' lang='lat' dir='ltr'><strong>SCOPUS</strong></span> <span class='ocrx_word' id='word_1_3' title='bbox 664 229 871 293; x_wconf 80' lang='lat' dir='ltr'>AUCTORIS,</span> 
     </span>
    </p>

    <p class='ocr_par' dir='ltr' id='par_1_2' title="bbox 148 312 1213 911">
     <span class='ocr_line' id='line_1_2' title="bbox 150 312 1213 403; baseline -0.007 -18"><span class='ocrx_word' id='word_1_4' title='bbox 150 326 242 401; x_wconf 85' lang='lat' dir='ltr'>liber,</span> <span class='ocrx_word' id='word_1_5' title='bbox 265 326 406 403; x_wconf 87' lang='lat' dir='ltr'>optatum</span> <span class='ocrx_word' id='word_1_6' title='bbox 425 323 501 385; x_wconf 93' lang='lat' dir='ltr'>mibi</span> <span class='ocrx_word' id='word_1_7' title='bbox 522 340 707 387; x_wconf 89' lang='lat' dir='ltr'>concessum</span> <span class='ocrx_word' id='word_1_8' title='bbox 728 326 776 386; x_wconf 90' lang='lat' dir='ltr'>est</span> <span class='ocrx_word' id='word_1_9' title='bbox 795 322 915 402; x_wconf 76' lang='lat' dir='ltr'>otium3</span> <span class='ocrx_word' id='word_1_10' title='bbox 943 322 1018 383; x_wconf 88' lang='lat' dir='ltr'>tunc</span> <span class='ocrx_word' id='word_1_11' title='bbox 1036 312 1213 381; x_wconf 87' lang='lat' dir='ltr'>nullatenbs</span> 
     </span>
     <span class='ocr_line' id='line_1_3' title="bbox 150 426 1210 507; baseline -0.005 -18"><span class='ocrx_word' id='word_1_12' title='bbox 150 427 290 491; x_wconf 82' lang='lat' dir='ltr'>haesitavi</span> <span class='ocrx_word' id='word_1_13' title='bbox 302 428 378 507; x_wconf 89' lang='lat' dir='ltr'>quid</span> <span class='ocrx_word' id='word_1_14' title='bbox 390 445 536 507; x_wconf 84' lang='lat' dir='ltr'>agerem,</span> <span class='ocrx_word' id='word_1_15' title='bbox 553 428 606 491; x_wconf 93' lang='lat' dir='ltr'>ubi</span> <span class='ocrx_word' id='word_1_16' title='bbox 619 428 734 491; x_wconf 91' lang='lat' dir='ltr'>mentis</span> <span class='ocrx_word' id='word_1_17' title='bbox 746 431 778 491; x_wconf 91' lang='lat' dir='ltr'>et</span> <span class='ocrx_word' id='word_1_18' title='bbox 791 427 894 491; x_wconf 89' lang='lat' dir='ltr'>cordis</span> <span class='ocrx_word' id='word_1_19' title='bbox 910 426 1006 489; x_wconf 89' lang='lat' dir='ltr'>vitam</span> <span class='ocrx_word' id='word_1_20' title='bbox 1023 439 1210 504; x_wconf 76' lang='lat' dir='ltr'>quaererem3</span> 
     </span>
     <span class='ocr_line' id='line_1_4' title="bbox 149 528 1213 611; baseline -0.005 -17"><span class='ocrx_word' id='word_1_21' title='bbox 149 531 207 594; x_wconf 90' lang='lat' dir='ltr'>sed</span> <span class='ocrx_word' id='word_1_22' title='bbox 219 531 323 595; x_wconf 87' lang='lat' dir='ltr'>divino</span> <span class='ocrx_word' id='word_1_23' title='bbox 336 532 424 611; x_wconf 87' lang='lat' dir='ltr'>quasi</span> <span class='ocrx_word' id='word_1_24' title='bbox 438 531 589 595; x_wconf 88' lang='lat' dir='ltr'>instinctu</span> <span class='ocrx_word' id='word_1_25' title='bbox 603 532 756 611; x_wconf 93' lang='lat' dir='ltr'>impulsus</span> <span class='ocrx_word' id='word_1_26' title='bbox 774 534 807 594; x_wconf 89' lang='lat' dir='ltr'>et</span> <span class='ocrx_word' id='word_1_27' title='bbox 824 531 988 611; x_wconf 90' lang='lat' dir='ltr'>abreptus,</span> <span class='ocrx_word' id='word_1_28' title='bbox 1004 528 1143 591; x_wconf 92' lang='lat' dir='ltr'>animum</span> <span class='ocrx_word' id='word_1_29' title='bbox 1158 545 1213 606; x_wconf 93' lang='lat' dir='ltr'>ap-</span> 
     </span>
     <span class='ocr_line' id='line_1_5' title="bbox 148 637 1213 719; baseline -0.006 -17"><span class='ocrx_word' id='word_1_30' title='bbox 148 640 242 719; x_wconf 87' lang='lat' dir='ltr'>plicui</span> <span class='ocrx_word' id='word_1_31' title='bbox 256 643 363 703; x_wconf 89' lang='lat' dir='ltr'>totum</span> <span class='ocrx_word' id='word_1_32' title='bbox 380 640 421 703; x_wconf 91' lang='lat' dir='ltr'>ad</span> <span class='ocrx_word' id='word_1_33' title='bbox 437 640 497 703; x_wconf 91' lang='lat' dir='ltr'>bos</span> <span class='ocrx_word' id='word_1_34' title='bbox 510 640 581 704; x_wconf 72' lang='lat' dir='ltr'>vitae</span> <span class='ocrx_word' id='word_1_35' title='bbox 599 640 711 705; x_wconf 79' lang='lat' dir='ltr'>divina</span> <span class='ocrx_word' id='word_1_36' title='bbox 724 641 848 718; x_wconf 83' lang='lat' dir='ltr'>fontes,</span> <span class='ocrx_word' id='word_1_37' title='bbox 868 656 925 702; x_wconf 94' lang='lat' dir='ltr'>seu</span> <span class='ocrx_word' id='word_1_38' title='bbox 943 637 983 700; x_wconf 93' lang='lat' dir='ltr'>ad</span> <span class='ocrx_word' id='word_1_39' title='bbox 995 637 1064 698; x_wconf 87' lang='lat' dir='ltr'>baec</span> <span class='ocrx_word' id='word_1_40' title='bbox 1076 637 1213 715; x_wconf 77' lang='lat' dir='ltr'>Aposto-</span> 
     </span>
     <span class='ocr_line' id='line_1_6' title="bbox 148 740 1213 825; baseline -0.004 -20"><span class='ocrx_word' id='word_1_41' title='bbox 148 745 207 806; x_wconf 91' lang='lat' dir='ltr'>lica</span> <span class='ocrx_word' id='word_1_42' title='bbox 222 745 349 808; x_wconf 91' lang='lat' dir='ltr'>luminis</span> <span class='ocrx_word' id='word_1_43' title='bbox 364 747 397 807; x_wconf 90' lang='lat' dir='ltr'>et</span> <span class='ocrx_word' id='word_1_44' title='bbox 409 744 491 825; x_wconf 90' lang='lat' dir='ltr'>ignis</span> <span class='ocrx_word' id='word_1_45' title='bbox 508 744 623 824; x_wconf 89' lang='lat' dir='ltr'>scripta</span> <span class='ocrx_word' id='word_1_46' title='bbox 637 744 786 824; x_wconf 92' lang='lat' dir='ltr'>legenda,</span> <span class='ocrx_word' id='word_1_47' title='bbox 803 742 985 820; x_wconf 91' lang='lat' dir='ltr'>scrutanda,</span> <span class='ocrx_word' id='word_1_48' title='bbox 1002 740 1052 803; x_wconf 91' lang='lat' dir='ltr'>die</span> <span class='ocrx_word' id='word_1_49' title='bbox 1069 755 1106 802; x_wconf 93' lang='lat' dir='ltr'>ac</span> <span class='ocrx_word' id='word_1_50' title='bbox 1120 744 1213 802; x_wconf 90' lang='lat' dir='ltr'>nocte</span> 
     </span>
     <span class='ocr_line' id='line_1_7' title="bbox 148 847 339 911; baseline 0.01 -2"><span class='ocrx_word' id='word_1_51' title='bbox 148 847 339 911; x_wconf 89' lang='lat' dir='ltr'>meditanda.</span> 
     </span>
    </p>

    <p class='ocr_par' dir='ltr' id='par_1_3' title="bbox 147 941 1244 1347">
     <span class='ocr_line' id='line_1_8' title="bbox 187 941 1213 1032; baseline -0.003 -19"><span class='ocrx_word' id='word_1_52' title='bbox 187 955 249 1015; x_wconf 86' lang='lat' dir='ltr'>Nec</span> <span class='ocrx_word' id='word_1_53' title='bbox 261 970 313 1015; x_wconf 90' lang='lat' dir='ltr'>me</span> <span class='ocrx_word' id='word_1_54' title='bbox 324 969 396 1032; x_wconf 92' lang='lat' dir='ltr'>spes</span> <span class='ocrx_word' id='word_1_55' title='bbox 406 969 486 1015; x_wconf 93' lang='lat' dir='ltr'>mea</span> <span class='ocrx_word' id='word_1_56' title='bbox 495 951 605 1015; x_wconf 85' lang='lat' dir='ltr'>leiellit</span> <span class='ocrx_word' id='word_1_57' title='bbox 621 975 628 1014; x_wconf 75' lang='grc' dir='ltr'><strong>ε</strong></span> <span class='ocrx_word' id='word_1_58' title='bbox 645 951 762 1015; x_wconf 84' lang='lat' dir='ltr'>etenim</span> <span class='ocrx_word' id='word_1_59' title='bbox 776 951 809 1013; x_wconf 92' lang='lat' dir='ltr'>in</span> <span class='ocrx_word' id='word_1_60' title='bbox 819 951 879 1013; x_wconf 93' lang='lat' dir='ltr'>hac</span> <span class='ocrx_word' id='word_1_61' title='bbox 888 949 956 1029; x_wconf 87' lang='lat' dir='ltr'>jugi</span> <span class='ocrx_word' id='word_1_62' title='bbox 969 951 1002 1013; x_wconf 91' lang='lat' dir='ltr'>et</span> <span class='ocrx_word' id='word_1_63' title='bbox 1011 941 1137 1011; x_wconf 87' lang='lat' dir='ltr'>assidua</span> <span class='ocrx_word' id='word_1_64' title='bbox 1143 958 1213 1010; x_wconf 90' lang='lat' dir='ltr'>me-</span> 
     </span>
     <span class='ocr_line' id='line_1_9' title="bbox 148 1051 1244 1136; baseline -0.005 -16"><span class='ocrx_word' id='word_1_65' title='bbox 148 1059 316 1136; x_wconf 87' lang='lat' dir='ltr'>ditatione,</span> <span class='ocrx_word' id='word_1_66' title='bbox 344 1060 376 1120; x_wconf 88' lang='lat' dir='ltr'>et</span> <span class='ocrx_word' id='word_1_67' title='bbox 389 1057 497 1119; x_wconf 90' lang='lat' dir='ltr'>lumen</span> <span class='ocrx_word' id='word_1_68' title='bbox 516 1056 598 1136; x_wconf 92' lang='lat' dir='ltr'>vidi,</span> <span class='ocrx_word' id='word_1_69' title='bbox 613 1059 646 1120; x_wconf 89' lang='lat' dir='ltr'>et</span> <span class='ocrx_word' id='word_1_70' title='bbox 662 1051 767 1135; x_wconf 90' lang='lat' dir='ltr'>ignem</span> <span class='ocrx_word' id='word_1_71' title='bbox 782 1056 883 1136; x_wconf 71' lang='lat' dir='ltr'>sensi,</span> <span class='ocrx_word' id='word_1_72' title='bbox 898 1059 932 1118; x_wconf 90' lang='lat' dir='ltr'>et</span> <span class='ocrx_word' id='word_1_73' title='bbox 944 1071 1034 1117; x_wconf 92' lang='lat' dir='ltr'>mens</span> <span class='ocrx_word' id='word_1_74' title='bbox 1056 1069 1128 1115; x_wconf 92' lang='lat' dir='ltr'>mea</span> <span class='ocrx_word' id='word_1_75' title='bbox 1140 1068 1212 1115; x_wconf 87' lang='lat' dir='ltr'>ver·</span> <span class='ocrx_word' id='word_1_76' title='bbox 1241 1130 1244 1135; x_wconf 22' lang='grc' dir='ltr'>Ι</span> 
     </span>
     <span class='ocr_line' id='line_1_10' title="bbox 147 1157 1211 1239; baseline -0.008 -14"><span class='ocrx_word' id='word_1_77' title='bbox 147 1163 260 1225; x_wconf 90' lang='lat' dir='ltr'>borum</span> <span class='ocrx_word' id='word_1_78' title='bbox 273 1161 327 1225; x_wconf 86' lang='lat' dir='ltr'>bei</span> <span class='ocrx_word' id='word_1_79' title='bbox 338 1161 470 1225; x_wconf 88' lang='lat' dir='ltr'>veritate</span> <span class='ocrx_word' id='word_1_80' title='bbox 483 1161 617 1239; x_wconf 90' lang='lat' dir='ltr'>nutrita,</span> <span class='ocrx_word' id='word_1_81' title='bbox 633 1162 665 1223; x_wconf 91' lang='lat' dir='ltr'>et</span> <span class='ocrx_word' id='word_1_82' title='bbox 680 1175 873 1236; x_wconf 90' lang='lat' dir='ltr'>cormeum,</span> <span class='ocrx_word' id='word_1_83' title='bbox 888 1157 1000 1222; x_wconf 87' lang='lat' dir='ltr'>divinis</span> <span class='ocrx_word' id='word_1_84' title='bbox 1017 1157 1143 1221; x_wconf 91' lang='lat' dir='ltr'>illorum</span> <span class='ocrx_word' id='word_1_85' title='bbox 1160 1171 1211 1217; x_wconf 90' lang='lat' dir='ltr'>ar·</span> 
     </span>
     <span class='ocr_line' id='line_1_11' title="bbox 149 1268 617 1347; baseline -0.004 -15"><span class='ocrx_word' id='word_1_86' title='bbox 149 1269 276 1332; x_wconf 89' lang='lat' dir='ltr'>doribus</span> <span class='ocrx_word' id='word_1_87' title='bbox 290 1268 477 1347; x_wconf 90' lang='lat' dir='ltr'>animatum,</span> <span class='ocrx_word' id='word_1_88' title='bbox 492 1268 617 1332; x_wconf 87' lang='lat' dir='ltr'>revixit.</span> 
     </span>
    </p>

    <p class='ocr_par' dir='ltr' id='par_1_4' title="bbox 136 1368 1210 1751">
     <span class='ocr_line' id='line_1_12' title="bbox 187 1368 1210 1453; baseline -0.005 -18"><span class='ocrx_word' id='word_1_89' title='bbox 187 1377 272 1437; x_wconf 81' lang='lat' dir='ltr'>Tunc</span> <span class='ocrx_word' id='word_1_90' title='bbox 285 1377 393 1437; x_wconf 90' lang='lat' dir='ltr'>tamen</span> <span class='ocrx_word' id='word_1_91' title='bbox 406 1375 451 1436; x_wconf 92' lang='lat' dir='ltr'>ita</span> <span class='ocrx_word' id='word_1_92' title='bbox 467 1373 630 1453; x_wconf 80' lang='lat' dir='ltr'>legebam,</span> <span class='ocrx_word' id='word_1_93' title='bbox 645 1371 689 1435; x_wconf 92' lang='lat' dir='ltr'>ita</span> <span class='ocrx_word' id='word_1_94' title='bbox 704 1370 896 1450; x_wconf 88' lang='lat' dir='ltr'>meditabar,</span> <span class='ocrx_word' id='word_1_95' title='bbox 912 1372 949 1432; x_wconf 92' lang='lat' dir='ltr'>ut</span> <span class='ocrx_word' id='word_1_96' title='bbox 965 1385 1025 1433; x_wconf 87' lang='lat' dir='ltr'>nec</span> <span class='ocrx_word' id='word_1_97' title='bbox 1042 1368 1210 1449; x_wconf 85' lang='lat' dir='ltr'>quidquam</span> 
     </span>
     <span class='ocr_line' id='line_1_13' title="bbox 150 1473 1210 1558; baseline -0.008 -15"><span class='ocrx_word' id='word_1_98' title='bbox 150 1478 270 1557; x_wconf 88' lang='lat' dir='ltr'>scriptis</span> <span class='ocrx_word' id='word_1_99' title='bbox 283 1479 485 1558; x_wconf 69' lang='lat' dir='ltr'>mandarem,</span> <span class='ocrx_word' id='word_1_100' title='bbox 496 1475 560 1540; x_wconf 82' lang='lat' dir='ltr'>imo</span> <span class='ocrx_word' id='word_1_101' title='bbox 569 1494 629 1540; x_wconf 87' lang='lat' dir='ltr'>nec</span> <span class='ocrx_word' id='word_1_102' title='bbox 638 1476 793 1540; x_wconf 90' lang='lat' dir='ltr'>scribendi</span> <span class='ocrx_word' id='word_1_103' title='bbox 805 1493 896 1539; x_wconf 92' lang='lat' dir='ltr'>mens</span> <span class='ocrx_word' id='word_1_104' title='bbox 909 1476 1010 1552; x_wconf 91' lang='lat' dir='ltr'>esset,</span> <span class='ocrx_word' id='word_1_105' title='bbox 1024 1473 1142 1538; x_wconf 86' lang='lat' dir='ltr'>etenim</span> <span class='ocrx_word' id='word_1_106' title='bbox 1154 1474 1210 1534; x_wconf 91' lang='lat' dir='ltr'>lux</span> 
     </span>
     <span class='ocr_line' id='line_1_14' title="bbox 146 1576 1210 1662; baseline -0.007 -17"><span class='ocrx_word' id='word_1_107' title='bbox 146 1598 212 1645; x_wconf 89' lang='lat' dir='ltr'>non</span> <span class='ocrx_word' id='word_1_108' title='bbox 227 1582 272 1645; x_wconf 93' lang='lat' dir='ltr'>ita</span> <span class='ocrx_word' id='word_1_109' title='bbox 290 1579 379 1645; x_wconf 80' lang='lat' dir='ltr'>facile</span> <span class='ocrx_word' id='word_1_110' title='bbox 395 1581 536 1662; x_wconf 81' lang='lat' dir='ltr'>pingitur</span> <span class='ocrx_word' id='word_1_111' title='bbox 550 1598 587 1645; x_wconf 90' lang='lat' dir='ltr'>ao</span> <span class='ocrx_word' id='word_1_112' title='bbox 598 1582 723 1647; x_wconf 85' lang='lat' dir='ltr'>videtur</span> <span class='ocrx_word' id='word_1_113' title='bbox 732 1605 741 1662; x_wconf 82' lang='lat'>3</span> <span class='ocrx_word' id='word_1_114' title='bbox 751 1597 811 1643; x_wconf 91' lang='lat' dir='ltr'>uec</span> <span class='ocrx_word' id='word_1_115' title='bbox 821 1581 906 1643; x_wconf 89' lang='lat' dir='ltr'>calor</span> <span class='ocrx_word' id='word_1_116' title='bbox 915 1578 1115 1659; x_wconf 83' lang='lat' dir='ltr'>exprimitur,</span> <span class='ocrx_word' id='word_1_117' title='bbox 1129 1576 1210 1640; x_wconf 91' lang='lat' dir='ltr'>sicut</span> 
     </span>
     <span class='ocr_line' id='line_1_15' title="bbox 136 1687 1084 1751; baseline 0.001 -1"><span class='ocrx_word' id='word_1_118' title='bbox 136 1687 291 1750; x_wconf 82' lang='lat' dir='ltr'>sentitur.</span> <span class='ocrx_word' id='word_1_119' title='bbox 1081 1744 1084 1751; x_wconf 87' lang='grc'><em>.</em></span> 
     </span>
    </p>

    <p class='ocr_par' dir='ltr' id='par_1_5' title="bbox 93 1788 1208 2291">
     <span class='ocr_line' id='line_1_16' title="bbox 184 1788 1208 1872; baseline -0.005 -18"><span class='ocrx_word' id='word_1_120' title='bbox 184 1795 225 1855; x_wconf 78' lang='lat' dir='ltr'>nt</span> <span class='ocrx_word' id='word_1_121' title='bbox 237 1793 309 1855; x_wconf 80' lang='lat' dir='ltr'>mea</span> <span class='ocrx_word' id='word_1_122' title='bbox 323 1792 452 1856; x_wconf 91' lang='lat' dir='ltr'>demum</span> <span class='ocrx_word' id='word_1_123' title='bbox 468 1790 662 1872; x_wconf 78' lang='lat' dir='ltr'>experientia</span> <span class='ocrx_word' id='word_1_124' title='bbox 676 1791 788 1857; x_wconf 89' lang='lat' dir='ltr'>doctus</span> <span class='ocrx_word' id='word_1_125' title='bbox 804 1789 890 1871; x_wconf 85' lang='lat' dir='ltr'>qubd</span> <span class='ocrx_word' id='word_1_126' title='bbox 905 1807 988 1871; x_wconf 80' lang='lat' dir='ltr'>sape</span> <span class='ocrx_word' id='word_1_127' title='bbox 1000 1788 1114 1871; x_wconf 88' lang='lat' dir='ltr'>saepius</span> <span class='ocrx_word' id='word_1_128' title='bbox 1127 1792 1208 1850; x_wconf 89' lang='lat' dir='ltr'>tran-</span> 
     </span>
     <span class='ocr_line' id='line_1_17' title="bbox 93 1895 1208 1976; baseline -0.005 -15"><span class='ocrx_word' id='word_1_129' title='bbox 93 1955 96 1961; x_wconf 80' lang='grc'><strong><em>,</em></strong></span> <span class='ocrx_word' id='word_1_130' title='bbox 146 1896 261 1960; x_wconf 85' lang='lat' dir='ltr'>sitoriae</span> <span class='ocrx_word' id='word_1_131' title='bbox 274 1900 349 1959; x_wconf 91' lang='lat' dir='ltr'>sunt</span> <span class='ocrx_word' id='word_1_132' title='bbox 365 1899 398 1960; x_wconf 92' lang='lat' dir='ltr'>et</span> <span class='ocrx_word' id='word_1_133' title='bbox 415 1896 504 1976; x_wconf 91' lang='lat' dir='ltr'>quasi</span> <span class='ocrx_word' id='word_1_134' title='bbox 516 1899 745 1961; x_wconf 71' lang='lat' dir='ltr'>momentaneae</span> <span class='ocrx_word' id='word_1_135' title='bbox 758 1895 873 1959; x_wconf 91' lang='lat' dir='ltr'>mentis</span> <span class='ocrx_word' id='word_1_136' title='bbox 888 1895 1121 1972; x_wconf 86' lang='lat' dir='ltr'>irradiationes,</span> <span class='ocrx_word' id='word_1_137' title='bbox 1137 1909 1208 1955; x_wconf 92' lang='lat' dir='ltr'>cor-</span> 
     </span>
     <span class='ocr_line' id='line_1_18' title="bbox 145 1999 1205 2080; baseline -0.004 -15"><span class='ocrx_word' id='word_1_138' title='bbox 145 2002 256 2080; x_wconf 87' lang='lat' dir='ltr'>disque</span> <span class='ocrx_word' id='word_1_139' title='bbox 269 2001 443 2080; x_wconf 91' lang='lat' dir='ltr'>motiones,</span> <span class='ocrx_word' id='word_1_140' title='bbox 458 2001 561 2080; x_wconf 88' lang='lat' dir='ltr'>aliqua</span> <span class='ocrx_word' id='word_1_141' title='bbox 572 2002 702 2064; x_wconf 90' lang='lat' dir='ltr'>tandem</span> <span class='ocrx_word' id='word_1_142' title='bbox 714 2001 837 2066; x_wconf 87' lang='lat' dir='ltr'>decrevi</span> <span class='ocrx_word' id='word_1_143' title='bbox 848 2000 887 2062; x_wconf 92' lang='lat' dir='ltr'>ad</span> <span class='ocrx_word' id='word_1_144' title='bbox 900 2016 1003 2062; x_wconf 90' lang='lat' dir='ltr'>meam</span> <span class='ocrx_word' id='word_1_145' title='bbox 1013 1999 1205 2074; x_wconf 84' lang='lat' dir='ltr'>doctrinam,</span> 
     </span>
     <span class='ocr_line' id='line_1_19' title="bbox 102 2103 1206 2186; baseline -0.003 -16"><span class='ocrx_word' id='word_1_146' title='bbox 102 2172 105 2177; x_wconf 78' lang='grc'><strong>,</strong></span> <span class='ocrx_word' id='word_1_147' title='bbox 143 2106 383 2170; x_wconf 76' lang='lat' dir='ltr'>aedificationem</span> <span class='ocrx_word' id='word_1_148' title='bbox 407 2109 441 2169; x_wconf 92' lang='lat' dir='ltr'>et</span> <span class='ocrx_word' id='word_1_149' title='bbox 467 2105 715 2168; x_wconf 86' lang='lat' dir='ltr'>consolationem</span> <span class='ocrx_word' id='word_1_150' title='bbox 733 2105 891 2186; x_wconf 92' lang='lat' dir='ltr'>propriam</span> <span class='ocrx_word' id='word_1_151' title='bbox 915 2103 1072 2184; x_wconf 72' lang='lat' dir='ltr'>scribere,</span> <span class='ocrx_word' id='word_1_152' title='bbox 1094 2107 1131 2166; x_wconf 91' lang='lat' dir='ltr'>ut</span> <span class='ocrx_word' id='word_1_153' title='bbox 1158 2104 1206 2167; x_wconf 90' lang='lat' dir='ltr'>bis</span> 
     </span>
     <span class='ocr_line' id='line_1_20' title="bbox 144 2209 1207 2291; baseline -0.002 -17"><span class='ocrx_word' id='word_1_154' title='bbox 144 2212 267 2291; x_wconf 88' lang='lat' dir='ltr'>scriptis</span> <span class='ocrx_word' id='word_1_155' title='bbox 289 2210 322 2272; x_wconf 92' lang='lat' dir='ltr'>in</span> <span class='ocrx_word' id='word_1_156' title='bbox 344 2210 530 2274; x_wconf 90' lang='lat' dir='ltr'>memoriam</span> <span class='ocrx_word' id='word_1_157' title='bbox 550 2210 630 2272; x_wconf 93' lang='lat' dir='ltr'>mibi</span> <span class='ocrx_word' id='word_1_158' title='bbox 646 2211 869 2275; x_wconf 85' lang='lat' dir='ltr'>revocarentur</span> <span class='ocrx_word' id='word_1_159' title='bbox 888 2209 1115 2289; x_wconf 91' lang='lat' dir='ltr'>cogitationes,</span> <span class='ocrx_word' id='word_1_160' title='bbox 1135 2227 1207 2272; x_wconf 92' lang='lat' dir='ltr'>sen-</span> 
     </span>
    </p>
   </div>
   <div class='ocr_carea' id='block_1_2' title="bbox 143 2313 1205 2495">
    <p class='ocr_par' dir='ltr' id='par_1_6' title="bbox 143 2313 1205 2495">
     <span class='ocr_line' id='line_1_21' title="bbox 143 2313 1205 2395; baseline -0.003 -17"><span class='ocrx_word' id='word_1_161' title='bbox 143 2333 198 2378; x_wconf 92' lang='lat' dir='ltr'>sus</span> <span class='ocrx_word' id='word_1_162' title='bbox 211 2318 244 2379; x_wconf 92' lang='lat' dir='ltr'>et</span> <span class='ocrx_word' id='word_1_163' title='bbox 254 2314 385 2378; x_wconf 84' lang='lat' dir='ltr'>affectus</span> <span class='ocrx_word' id='word_1_164' title='bbox 397 2330 477 2394; x_wconf 92' lang='lat' dir='ltr'>quos</span> <span class='ocrx_word' id='word_1_165' title='bbox 490 2315 523 2376; x_wconf 91' lang='lat' dir='ltr'>in</span> <span class='ocrx_word' id='word_1_166' title='bbox 535 2315 671 2379; x_wconf 90' lang='lat' dir='ltr'>lectione</span> <span class='ocrx_word' id='word_1_167' title='bbox 683 2317 716 2379; x_wconf 90' lang='lat' dir='ltr'>et</span> <span class='ocrx_word' id='word_1_168' title='bbox 728 2313 933 2378; x_wconf 87' lang='lat' dir='ltr'>meditatione</span> <span class='ocrx_word' id='word_1_169' title='bbox 942 2330 1158 2395; x_wconf 89' lang='lat' dir='ltr'>perceperam,</span> <span class='ocrx_word' id='word_1_170' title='bbox 1173 2318 1205 2376; x_wconf 92' lang='lat' dir='ltr'>et</span> 
     </span>
     <span class='ocr_line' id='line_1_22' title="bbox 143 2412 936 2495; baseline 0.001 -20"><span class='ocrx_word' id='word_1_171' title='bbox 143 2430 277 2492; x_wconf 91' lang='lat' dir='ltr'>quorum</span> <span class='ocrx_word' id='word_1_172' title='bbox 290 2417 379 2477; x_wconf 81' lang='lat' dir='ltr'>sacra</span> <span class='ocrx_word' id='word_1_173' title='bbox 391 2412 601 2477; x_wconf 87' lang='lat' dir='ltr'>ruminatione</span> <span class='ocrx_word' id='word_1_174' title='bbox 613 2413 723 2477; x_wconf 88' lang='lat' dir='ltr'>nutriri</span> <span class='ocrx_word' id='word_1_175' title='bbox 737 2414 936 2495; x_wconf 86' lang='lat' dir='ltr'>exoptabam.</span> 
     </span>
    </p>
   </div>
   <div class='ocr_carea' id='block_1_3' title="bbox 97 2515 1204 3016">
    <p class='ocr_par' dir='ltr' id='par_1_7' title="bbox 97 2515 1202 2704">
     <span class='ocr_line' id='line_1_23' title="bbox 183 2515 1202 2599; baseline 0.001 -19"><span class='ocrx_word' id='word_1_176' title='bbox 183 2517 294 2599; x_wconf 87' lang='lat' dir='ltr'>Scripsi</span> <span class='ocrx_word' id='word_1_177' title='bbox 317 2518 422 2597; x_wconf 91' lang='lat' dir='ltr'>itaque</span> <span class='ocrx_word' id='word_1_178' title='bbox 447 2517 574 2597; x_wconf 88' lang='lat' dir='ltr'>aliqua,</span> <span class='ocrx_word' id='word_1_179' title='bbox 595 2520 629 2582; x_wconf 91' lang='lat' dir='ltr'>et</span> <span class='ocrx_word' id='word_1_180' title='bbox 643 2515 780 2599; x_wconf 78' lang='lat' dir='ltr'>primum</span> <span class='ocrx_word' id='word_1_181' title='bbox 799 2517 926 2598; x_wconf 90' lang='lat' dir='ltr'>quidem</span> <span class='ocrx_word' id='word_1_182' title='bbox 943 2517 1011 2582; x_wconf 91' lang='lat' dir='ltr'>sine</span> <span class='ocrx_word' id='word_1_183' title='bbox 1030 2516 1202 2595; x_wconf 88' lang='lat' dir='ltr'>methodo,</span> 
     </span>
     <span class='ocr_line' id='line_1_24' title="bbox 97 2610 886 2704; baseline 0.004 -20"><span class='ocrx_word' id='word_1_184' title='bbox 97 2610 100 2615; x_wconf 72' lang='grc'><strong>’</strong></span> <span class='ocrx_word' id='word_1_185' title='bbox 141 2626 237 2702; x_wconf 94' lang='lat' dir='ltr'>prout</span> <span class='ocrx_word' id='word_1_186' title='bbox 248 2639 315 2701; x_wconf 86' lang='lat' dir='ltr'>res,</span> <span class='ocrx_word' id='word_1_187' title='bbox 332 2622 456 2686; x_wconf 87' lang='lat' dir='ltr'>occasio</span> <span class='ocrx_word' id='word_1_188' title='bbox 469 2626 503 2686; x_wconf 89' lang='lat' dir='ltr'>et</span> <span class='ocrx_word' id='word_1_189' title='bbox 514 2622 646 2689; x_wconf 83' lang='lat' dir='ltr'>affectus</span> <span class='ocrx_word' id='word_1_190' title='bbox 664 2624 886 2704; x_wconf 89' lang='lat' dir='ltr'>suggerebant.</span> 
     </span>
    </p>

    <p class='ocr_par' dir='ltr' id='par_1_8' title="bbox 141 2725 1204 3016">
     <span class='ocr_line' id='line_1_25' title="bbox 181 2725 1204 2807; baseline 0.002 -18"><span class='ocrx_word' id='word_1_191' title='bbox 181 2726 242 2789; x_wconf 92' lang='lat' dir='ltr'>Sed</span> <span class='ocrx_word' id='word_1_192' title='bbox 263 2728 361 2789; x_wconf 80' lang='lat' dir='ltr'>altera</span> <span class='ocrx_word' id='word_1_193' title='bbox 372 2725 485 2790; x_wconf 90' lang='lat' dir='ltr'>doctus</span> <span class='ocrx_word' id='word_1_194' title='bbox 499 2725 691 2807; x_wconf 76' lang='lat' dir='ltr'>experientia</span> <span class='ocrx_word' id='word_1_195' title='bbox 703 2725 789 2807; x_wconf 86' lang='lat' dir='ltr'>qubd</span> <span class='ocrx_word' id='word_1_196' title='bbox 805 2725 823 2792; x_wconf 78' lang='lat' dir='ltr'>e</span> <span class='ocrx_word' id='word_1_197' title='bbox 843 2728 994 2790; x_wconf 90' lang='lat' dir='ltr'>memoria</span> <span class='ocrx_word' id='word_1_198' title='bbox 1007 2728 1204 2793; x_wconf 89' lang='lat' dir='ltr'>elaberentur</span> 
     </span>
     <span class='ocr_line' id='line_1_26' title="bbox 141 2831 1204 2913; baseline 0.008 -22"><span class='ocrx_word' id='word_1_199' title='bbox 141 2831 386 2911; x_wconf 86' lang='lat' dir='ltr'>quamplurima,</span> <span class='ocrx_word' id='word_1_200' title='bbox 409 2834 441 2894; x_wconf 94' lang='lat' dir='ltr'>et</span> <span class='ocrx_word' id='word_1_201' title='bbox 454 2831 581 2912; x_wconf 90' lang='lat' dir='ltr'>quidem</span> <span class='ocrx_word' id='word_1_202' title='bbox 595 2832 636 2895; x_wconf 91' lang='lat' dir='ltr'>ad</span> <span class='ocrx_word' id='word_1_203' title='bbox 654 2833 779 2912; x_wconf 86' lang='lat' dir='ltr'>textus,</span> <span class='ocrx_word' id='word_1_204' title='bbox 794 2832 1030 2911; x_wconf 88' lang='lat' dir='ltr'>intelligentiam</span> <span class='ocrx_word' id='word_1_205' title='bbox 1042 2833 1134 2913; x_wconf 79' lang='lat' dir='ltr'>plane</span> <span class='ocrx_word' id='word_1_206' title='bbox 1149 2854 1204 2899; x_wconf 90' lang='lat' dir='ltr'>ne-</span> 
     </span>
     <span class='ocr_line' id='line_1_27' title="bbox 141 2935 1200 3016; baseline 0.008 -20"><span class='ocrx_word' id='word_1_207' title='bbox 141 2936 294 3016; x_wconf 74' lang='lat' dir='ltr'>cessaria,</span> <span class='ocrx_word' id='word_1_208' title='bbox 316 2938 348 2999; x_wconf 92' lang='lat' dir='ltr'>et</span> <span class='ocrx_word' id='word_1_209' title='bbox 369 2952 439 3016; x_wconf 74' lang='lat' dir='ltr'>quae</span> <span class='ocrx_word' id='word_1_210' title='bbox 457 2935 535 2999; x_wconf 91' lang='lat' dir='ltr'>mibi</span> <span class='ocrx_word' id='word_1_211' title='bbox 556 2953 613 3016; x_wconf 90' lang='lat' dir='ltr'>par</span> <span class='ocrx_word' id='word_1_212' title='bbox 629 2936 867 3001; x_wconf 88' lang='lat' dir='ltr'>meditationem</span> <span class='ocrx_word' id='word_1_213' title='bbox 886 2939 1010 3000; x_wconf 86' lang='lat' dir='ltr'>fuerant</span> <span class='ocrx_word' id='word_1_214' title='bbox 1033 2939 1200 3014; x_wconf 85' lang='lat' dir='ltr'>elucidata,</span> 
     </span>
    </p>
   </div>
   <div class='ocr_carea' id='block_1_4' title="bbox 137 3039 1203 3958">
    <p class='ocr_par' dir='ltr' id='par_1_9' title="bbox 137 3039 1203 3958">
     <span class='ocr_line' id='line_1_28' title="bbox 141 3039 1203 3124; baseline 0.009 -26"><span class='ocrx_word' id='word_1_215' title='bbox 141 3039 227 3101; x_wconf 88' lang='lat' dir='ltr'>verbi</span> <span class='ocrx_word' id='word_1_216' title='bbox 240 3040 355 3118; x_wconf 77' lang='lat' dir='ltr'>gratia,</span> <span class='ocrx_word' id='word_1_217' title='bbox 375 3040 525 3103; x_wconf 91' lang='lat' dir='ltr'>naturalis</span> <span class='ocrx_word' id='word_1_218' title='bbox 542 3040 620 3102; x_wconf 91' lang='lat' dir='ltr'>ordo</span> <span class='ocrx_word' id='word_1_219' title='bbox 633 3042 741 3104; x_wconf 84' lang='lat' dir='ltr'>textus</span> <span class='ocrx_word' id='word_1_220' title='bbox 755 3041 941 3121; x_wconf 71' lang='lat' dir='ltr'>apostolici,</span> <span class='ocrx_word' id='word_1_221' title='bbox 956 3045 1113 3106; x_wconf 90' lang='lat' dir='ltr'>eteorum</span> <span class='ocrx_word' id='word_1_222' title='bbox 1133 3062 1203 3124; x_wconf 80' lang='lat' dir='ltr'>qum</span> 
     </span>
     <span class='ocr_line' id='line_1_29' title="bbox 140 3142 1202 3229; baseline 0.009 -26"><span class='ocrx_word' id='word_1_223' title='bbox 140 3142 172 3203; x_wconf 94' lang='lat' dir='ltr'>in</span> <span class='ocrx_word' id='word_1_224' title='bbox 193 3146 283 3205; x_wconf 88' lang='lat' dir='ltr'>textu</span> <span class='ocrx_word' id='word_1_225' title='bbox 301 3144 547 3223; x_wconf 84' lang='lat' dir='ltr'>inters&#39;enmtur,</span> <span class='ocrx_word' id='word_1_226' title='bbox 562 3144 734 3226; x_wconf 74' lang='lat' dir='ltr'>connexio,</span> <span class='ocrx_word' id='word_1_227' title='bbox 748 3162 838 3208; x_wconf 92' lang='lat' dir='ltr'>mens</span> <span class='ocrx_word' id='word_1_228' title='bbox 854 3145 1009 3226; x_wconf 80' lang='lat' dir='ltr'>Apostoli,</span> <span class='ocrx_word' id='word_1_229' title='bbox 1028 3160 1202 3229; x_wconf 87' lang='lat' dir='ltr'>sensusque</span> 
     </span>
     <span class='ocr_line' id='line_1_30' title="bbox 140 3248 1139 3332; baseline 0.008 -24"><span class='ocrx_word' id='word_1_230' title='bbox 140 3248 346 3329; x_wconf 72' lang='lat' dir='ltr'>probabilior,</span> <span class='ocrx_word' id='word_1_231' title='bbox 360 3265 430 3329; x_wconf 82' lang='lat' dir='ltr'>quae</span> <span class='ocrx_word' id='word_1_232' title='bbox 444 3250 549 3312; x_wconf 93' lang='lat' dir='ltr'>omnia</span> <span class='ocrx_word' id='word_1_233' title='bbox 564 3266 628 3312; x_wconf 92' lang='lat' dir='ltr'>non</span> <span class='ocrx_word' id='word_1_234' title='bbox 640 3250 742 3330; x_wconf 91' lang='lat' dir='ltr'>primo</span> <span class='ocrx_word' id='word_1_235' title='bbox 755 3268 880 3330; x_wconf 91' lang='lat' dir='ltr'>semper</span> <span class='ocrx_word' id='word_1_236' title='bbox 893 3250 1007 3312; x_wconf 91' lang='lat' dir='ltr'>intuitu</span> <span class='ocrx_word' id='word_1_237' title='bbox 1019 3255 1139 3332; x_wconf 91' lang='lat' dir='ltr'>patent.</span> 
     </span>
     <span class='ocr_line' id='line_1_31' title="bbox 178 3351 1202 3435; baseline 0.008 -22"><span class='ocrx_word' id='word_1_238' title='bbox 178 3351 270 3432; x_wconf 86' lang='lat' dir='ltr'>ilinc,</span> <span class='ocrx_word' id='word_1_239' title='bbox 290 3357 326 3416; x_wconf 89' lang='lat' dir='ltr'>ut</span> <span class='ocrx_word' id='word_1_240' title='bbox 343 3354 503 3417; x_wconf 73' lang='lat' dir='ltr'>memoriae</span> <span class='ocrx_word' id='word_1_241' title='bbox 524 3353 680 3418; x_wconf 88' lang='lat' dir='ltr'>deficienti</span> <span class='ocrx_word' id='word_1_242' title='bbox 699 3353 882 3435; x_wconf 88' lang='lat' dir='ltr'>opitularer,</span> <span class='ocrx_word' id='word_1_243' title='bbox 908 3357 941 3418; x_wconf 87' lang='lat' dir='ltr'>et</span> <span class='ocrx_word' id='word_1_244' title='bbox 965 3373 1044 3419; x_wconf 78' lang='lat' dir='ltr'>meae</span> <span class='ocrx_word' id='word_1_245' title='bbox 1069 3358 1202 3421; x_wconf 90' lang='lat' dir='ltr'>medita-</span> 
     </span>
     <span class='ocr_line' id='line_1_32' title="bbox 139 3454 1200 3540; baseline 0.008 -24"><span class='ocrx_word' id='word_1_246' title='bbox 139 3454 233 3518; x_wconf 86' lang='lat' dir='ltr'>tionis</span> <span class='ocrx_word' id='word_1_247' title='bbox 250 3457 327 3521; x_wconf 93' lang='lat' dir='ltr'>mibi</span> <span class='ocrx_word' id='word_1_248' title='bbox 351 3461 566 3538; x_wconf 87' lang='lat' dir='ltr'>perseveraret</span> <span class='ocrx_word' id='word_1_249' title='bbox 587 3459 729 3539; x_wconf 88' lang='lat' dir='ltr'>utilitas,</span> <span class='ocrx_word' id='word_1_250' title='bbox 749 3459 850 3540; x_wconf 90' lang='lat' dir='ltr'>incepi</span> <span class='ocrx_word' id='word_1_251' title='bbox 872 3463 945 3540; x_wconf 90' lang='lat' dir='ltr'>post</span> <span class='ocrx_word' id='word_1_252' title='bbox 967 3459 1148 3524; x_wconf 90' lang='lat' dir='ltr'>diuturnam</span> <span class='ocrx_word' id='word_1_253' title='bbox 1168 3469 1200 3526; x_wconf 90' lang='lat' dir='ltr'>et</span> 
     </span>
     <span class='ocr_line' id='line_1_33' title="bbox 138 3561 1199 3646; baseline 0.007 -25"><span class='ocrx_word' id='word_1_254' title='bbox 138 3563 283 3625; x_wconf 89' lang='lat' dir='ltr'>exactam</span> <span class='ocrx_word' id='word_1_255' title='bbox 300 3563 451 3642; x_wconf 83' lang='lat' dir='ltr'>cujusque</span> <span class='ocrx_word' id='word_1_256' title='bbox 467 3563 577 3644; x_wconf 91' lang='lat' dir='ltr'>capitis</span> <span class='ocrx_word' id='word_1_257' title='bbox 594 3563 842 3644; x_wconf 69' lang='lat' dir='ltr'>discussionem,</span> <span class='ocrx_word' id='word_1_258' title='bbox 861 3561 925 3627; x_wconf 83' lang='lat' dir='ltr'>imo</span> <span class='ocrx_word' id='word_1_259' title='bbox 942 3567 974 3626; x_wconf 93' lang='lat' dir='ltr'>et</span> <span class='ocrx_word' id='word_1_260' title='bbox 996 3568 1070 3644; x_wconf 90' lang='lat' dir='ltr'>post</span> <span class='ocrx_word' id='word_1_261' title='bbox 1090 3566 1199 3646; x_wconf 91' lang='lat' dir='ltr'>singu-</span> 
     </span>
     <span class='ocr_line' id='line_1_34' title="bbox 137 3664 1200 3750; baseline 0.006 -24"><span class='ocrx_word' id='word_1_262' title='bbox 137 3664 241 3746; x_wconf 86' lang='lat' dir='ltr'>lorum</span> <span class='ocrx_word' id='word_1_263' title='bbox 259 3683 407 3731; x_wconf 85' lang='lat' dir='ltr'>versuum</span> <span class='ocrx_word' id='word_1_264' title='bbox 425 3671 458 3731; x_wconf 90' lang='lat' dir='ltr'>et</span> <span class='ocrx_word' id='word_1_265' title='bbox 473 3668 659 3747; x_wconf 89' lang='lat' dir='ltr'>verborum,</span> <span class='ocrx_word' id='word_1_266' title='bbox 679 3668 792 3732; x_wconf 86' lang='lat' dir='ltr'>saltem</span> <span class='ocrx_word' id='word_1_267' title='bbox 807 3668 1042 3747; x_wconf 88' lang='lat' dir='ltr'>obscuriorum,</span> <span class='ocrx_word' id='word_1_268' title='bbox 1063 3671 1200 3750; x_wconf 87' lang='lat' dir='ltr'>explica·</span> 
     </span>
     <span class='ocr_line' id='line_1_35' title="bbox 137 3768 1198 3852; baseline 0.007 -20"><span class='ocrx_word' id='word_1_269' title='bbox 137 3768 256 3834; x_wconf 87' lang='lat' dir='ltr'>tionem</span> <span class='ocrx_word' id='word_1_270' title='bbox 269 3771 301 3833; x_wconf 93' lang='lat' dir='ltr'>in</span> <span class='ocrx_word' id='word_1_271' title='bbox 314 3771 538 3836; x_wconf 88' lang='lat' dir='ltr'>commentario</span> <span class='ocrx_word' id='word_1_272' title='bbox 551 3774 681 3852; x_wconf 71' lang='lat' dir='ltr'>factam,</span> <span class='ocrx_word' id='word_1_273' title='bbox 700 3768 773 3835; x_wconf 82' lang='lat' dir='ltr'>edm</span> <span class='ocrx_word' id='word_1_274' title='bbox 786 3772 863 3834; x_wconf 93' lang='lat' dir='ltr'>mibi</span> <span class='ocrx_word' id='word_1_275' title='bbox 876 3772 994 3836; x_wconf 87' lang='lat' dir='ltr'>scilicet</span> <span class='ocrx_word' id='word_1_276' title='bbox 1007 3774 1113 3837; x_wconf 89' lang='lat' dir='ltr'>omnia</span> <span class='ocrx_word' id='word_1_277' title='bbox 1125 3775 1198 3839; x_wconf 86' lang='lat' dir='ltr'>vivi·</span> 
     </span>
     <span class='ocr_line' id='line_1_36' title="bbox 138 3871 1196 3958; baseline 0.005 -20"><span class='ocrx_word' id='word_1_278' title='bbox 138 3871 208 3938; x_wconf 84' lang='lat' dir='ltr'>dius</span> <span class='ocrx_word' id='word_1_279' title='bbox 231 3878 264 3941; x_wconf 88' lang='lat' dir='ltr'>et</span> <span class='ocrx_word' id='word_1_280' title='bbox 281 3872 394 3940; x_wconf 78' lang='lat' dir='ltr'>clarius</span> <span class='ocrx_word' id='word_1_281' title='bbox 411 3879 501 3941; x_wconf 87' lang='lat' dir='ltr'>erant</span> <span class='ocrx_word' id='word_1_282' title='bbox 517 3877 550 3941; x_wconf 88' lang='lat' dir='ltr'>in</span> <span class='ocrx_word' id='word_1_283' title='bbox 563 3880 690 3957; x_wconf 75' lang='lat' dir='ltr'>mente,</span> <span class='ocrx_word' id='word_1_284' title='bbox 706 3876 822 3957; x_wconf 91' lang='lat' dir='ltr'>incepi,</span> <span class='ocrx_word' id='word_1_285' title='bbox 837 3876 984 3958; x_wconf 92' lang='lat' dir='ltr'>inquam,</span> <span class='ocrx_word' id='word_1_286' title='bbox 1001 3879 1131 3943; x_wconf 88' lang='lat' dir='ltr'>brevem</span> <span class='ocrx_word' id='word_1_287' title='bbox 1145 3897 1196 3943; x_wconf 87' lang='lat' dir='ltr'>oa-</span> 
     </span>
    </p>
   </div>
   <div class='ocr_carea' id='block_1_5' title="bbox 0 0 1264 4440">
    <p class='ocr_par' dir='ltr' id='par_1_10' title="bbox 0 0 1264 4440">
     <span class='ocr_line' id='line_1_37' title="bbox 0 0 1264 4440; baseline 0 4"><span class='ocrx_word' id='word_1_288' title='bbox 0 0 1264 4440; x_wconf 95' lang='lat' dir='ltr'> </span> 
     </span>
    </p>
   </div>
  </div>
 </body>
</html>
