2520 4440
336 257 507 312 nutristi
525 260 752 316 EXPOSlTIO.
772 264 852 318 Chl‘.
872 265 942 322 xli.
1116 269 1168 321 597

100 334 311 418 rire'centiies,
323 353 473 421 siveservi,
489 356 546 408 sive
569 357 693 417 compacti
705 369 806 417 sumus,
819 360 871 408 sire
886 358 966 409 iudai
976 360 1043 420 ,sire
1055 359 1167 421 ethnici,

100 427 178 482 liberi
192 446 200 483 :
215 435 243 482 et
256 444 355 483 omnes
372 432 401 484 in
412 446 470 486 uno
483 433 546 500 spi.
568 425 620 472 sire
634 426 715 485 servi,
735 427 788 475 sire
802 425 890 487 liberi,
907 431 933 477 ct
948 440 1036 479 omues
1052 430 1168 479 eumdem

101 507 152 561 mu
165 508 255 574 potati
266 523 373 562 sumus·
567 491 689 554 Spiritum
701 494 844 547 hausimus.

130 589 177 638 qq,
191 588 262 638 Nam
275 593 303 640 01
318 602 420 654 corpus
431 604 489 643 110„
502 596 544 643 est
596 582 651 631 Diri
666 582 734 645 qubtl
748 583 866 636 Ecclesia
880 599 972 650 corpus
983 586 1065 638 multa
1076 587 1168 639 habeat

100 675 187 717 unum
201 665 375 730 membrum,
385 667 435 720 sed
445 669 541 722 muna·
566 652 680 701 membra
697 671 703 700 ε
724 654 819 701 etenim
832 652 881 702 hoc
899 654 930 703 tle
944 657 1041 704 ratione
1055 657 1167 717 corporis

565 721 677 779 organici
692 725 743 780 est,
761 721 829 781 quod
843 734 982 782 mancum,
997 726 1021 771 et
1033 721 1065 771 ati
1080 726 1166 774 omnia

565 786 655 835 inutile
673 786 752 848 toret,
770 790 791 837 sl
810 801 892 838 unum
908 794 972 840 esset
990 791 1166 841 tantummodo

564 855 723 915 membrum,
744 858 770 904 ct
791 855 858 916 quod
879 856 1020 906 necessario
1044 857 1124 907 multa
1140 864 1166 908 et

564 925 634 972 varia
646 926 695 972 situ
708 926 732 971 ct
746 923 827 973 olllcio
841 925 954 975 membra
968 927 1090 985 requirit:
1104 925 1165 976 hinc

565 994 591 1040 in
605 993 716 1043 Ecclesia
739 997 799 1042 sunt
818 997 963 1056 superiora,
978 995 1077 1056 media,
1099 996 1165 1045 inie-

563 1063 629 1110 riora
646 1061 776 1122 membra,
788 1065 816 1110 at
829 1063 915 1112 omnia
932 1064 1061 1125 aqualiter
1072 1063 1164 1114 Christi

563 1129 685 1177 membra.

127 1190 176 1242 15.
194 1187 224 1242 Si
241 1187 342 1244 dixerit
360 1183 411 1256 pes
436 1204 443 1242 τ
463 1188 540 1251 ouo·
593 1195 619 1244 Si
635 1208 691 1258 pes,
712 1208 771 1258 pars
787 1195 892 1247 interior
912 1202 1042 1261 eorporis,
1058 1199 1162 1261 dixerit,

121 1373 188 1436 Quia
202 1372 262 1423 crim
275 1370 337 1419 dixit
348 1369 380 1419 de
391 1370 498 1432 Spiritu,
509 1374 643 1433 utrumque
657 1369 808 1432 significavit
816 1374 841 1420 et
854 1373 1003 1432 sanguinem
1014 1377 1040 1422 et
1048 1386 1159 1432 earnem,

89 1454 137 1506 per
151 1446 290 1501 utrumque
302 1439 371 1487 enim
386 1452 437 1488 uno
448 1439 542 1501 Spiritu
554 1444 680 1502 potamur.
695 1439 764 1488 ldem
777 1443 881 1489 sanctus
896 1441 976 1490 Pater.

120 1511 199 1562 Juxta
214 1511 281 1559 hanc
294 1511 545 1570 interpretationem.
559 1521 615 1570 quac
630 1510 738 1558 maxime
752 1510 875 1560 naturalis
886 1512 1002 1573 videtur,
1017 1513 1047 1562 de
1065 1513 1157 1563 eueha-

90 1583 180 1632 ristico
196 1584 257 1642 potu
270 1578 314 1627 hlc
327 1580 423 1639 agitur,
435 1579 501 1627 sicut
516 1579 588 1641 priris
598 1579 629 1628 de
645 1580 771 1641 Baptismo
790 1585 876 1630 actum
888 1585 925 1630 est
936 1600 943 1641 ;
955 1594 1092 1643 sensusque
1105 1588 1158 1642 est,
1254 1584 1258 1592 '

89 1650 160 1713 quhd
173 1661 222 1699 nos
243 1659 332 1696 omnes
353 1661 432 1696 unum
449 1651 473 1696 et
482 1648 604 1703 ,eumdem
625 1647 717 1698 Christi
734 1649 857 1711 Spiritum
878 1653 1038 1714 potavimus,
1050 1651 1157 1713 scilicet,

89 1719 153 1769 ehm
169 1731 201 1768 ex
217 1717 296 1766 calice
310 1716 477 1765 eucharistico
489 1719 638 1778 sanguinem
654 1720 708 1778 ejus
723 1718 843 1768 bibimus.

119 1788 210 1851 ltaque
222 1798 274 1835 non
288 1785 389 1835 tantilm
401 1787 427 1834 in
439 1798 520 1834 unum
532 1786 625 1836 Christi
639 1798 730 1850 corpus
744 1788 796 1836 nati
809 1791 834 1836 et
845 1789 998 1850 incorporati
1015 1801 1103 1838 sumus
1113 1800 1158 1852 per

88 1856 268 1919 Baptismum3
284 1854 328 1904 sed
344 1856 420 1904 etium
435 1853 522 1904 eadem
533 1855 604 1914 esea,
613 1855 673 1916 puth
686 1867 763 1904 carue
775 1858 800 1904 et
811 1859 932 1918 sanguine
944 1855 1035 1906 Christi
1046 1893 1053 1917 ,
1065 1856 1158 1907 alimur

89 1939 182 1977 omnes
197 1927 225 1974 in
238 1924 409 1975 Eucharistia.

118 1995 192 2045 idern
204 2006 295 2055 corpus
309 2005 397 2042 sumus
407 2030 413 2052 ,
425 1992 511 2042 codem
523 1991 615 2042 Christi
627 1991 721 2055 Spiritu
733 1996 856 2054 vivimus,
869 1993 956 2044 elidem
975 1993 1068 2044 alimur
1082 1994 1137 2045 esch
1149 2036 1155 2058 ,

87 2064 251 2116 sanctissimi
260 2062 435 2123 Eucharistlai3
448 2076 529 2112 uuum
540 2075 598 2125 ergo
609 2076 697 2113 sumus
709 2076 795 2113 omnes
802 2085 810 2125 ;
831 2078 919 2114 sumus
929 2068 1014 2113 tamen
1028 2068 1053 2113 et
1064 2064 1155 2120 multa.
1187 2095 1198 2114 2

120 2135 161 2183 tt.
174 2134 273 2185 Nomet
289 2144 379 2194 corpus
393 2146 443 2181 ooo
454 2139 489 2181 est
508 2146 587 2181 coum
599 2133 769 2183 membrum...
778 2133 816 2184 Ari
828 2132 1005 2195 perticienrlam
1020 2135 1155 2196 incoeptam

87 2201 210 2253 Ecclcsiae
224 2214 284 2250 cum
294 2212 397 2261 corpore
406 2199 518 2249 humano
529 2201 755 2261 comparationem,
771 2205 848 2250 restat
858 2201 1015 2263 probandum
1029 2200 1096 2262 quod
1110 2203 1156 2252 Eo

87 2272 173 2322 clesiae
187 2282 296 2333 corpus,
308 2271 374 2319 sicut
385 2272 411 2317 et
427 2282 517 2332 corpus
528 2269 687 2329 humanum,
698 2269 779 2319 mulia
789 2274 815 2319 et
825 2273 893 2319 varia
905 2271 980 2320 habet
995 2270 1116 2322 membra.
1124 2270 1155 2320 ht

86 2345 149 2405 quia
161 2342 212 2392 hoe
228 2353 272 2403 per
283 2352 310 2389 se
323 2339 420 2390 clarum
436 2344 461 2388 et
472 2339 573 2389 evidens
591 2343 628 2389 est
638 2376 646 2400 ,
658 2352 705 2390 nec
716 2344 771 2402 eget
787 2341 934 2404 probatione
944 2377 951 2400 ,
960 2339 1036 2390 altlrls
1047 2343 1155 2403 assurgit

86 2409 240 2475 Apostolus,
254 2409 382 2459 affirmans
392 2408 540 2471 generaliter
553 2409 601 2458 hoc
621 2408 653 2458 de
668 2411 765 2459 ratione
778 2412 889 2474 corporis
899 2423 961 2461 esse.

117 2486 187 2536 Nam
205 2497 296 2546 eorpus
306 2485 453 2545 organicum
466 2497 516 2532 coo
529 2489 563 2533 est
581 2497 661 2532 coum
676 2485 852 2534 tantummodo
863 2487 1020 2547 merobrum5
1033 2498 1154 2538 mancum

86 2557 159 2606 enlm
170 2557 196 2604 et
204 2553 236 2603 ati
245 2555 330 2604 omnia
341 2552 432 2602 inutile
445 2552 510 2602 foret
522 2567 528 2602 :
541 2552 583 2602 sed
596 2554 736 2603 necessarii
745 2555 826 2604 multa
837 2559 862 2603 et
873 2557 944 2605 varia
954 2556 1060 2616 requirit
1071 2567 1153 2605 mern-

85 2624 147 2685 bra,
164 2624 284 2674 distincta
299 2627 325 2673 et
336 2622 477 2671 differentia
488 2621 543 2670 loco
560 2624 585 2670 et
598 2635 717 2683 munere,
734 2623 784 2672 alia
797 2627 940 2686 superiora,
952 2624 1000 2672 alia
1016 2627 1133 2674 interiora
1144 2645 1151 2683 ;

86 2695 122 2744 lta
142 2697 230 2743 tamen
244 2695 273 2741 ut
286 2693 372 2743 omnia
384 2693 437 2740 sint
454 2689 582 2752 aequaliter
598 2694 709 2754 corporis
724 2692 851 2753 membra,
865 2693 992 2755 aequnuter
1005 2692 1152 2755 decerpere

86 2767 112 2814 et
123 2762 254 2825 aqualiter
263 2763 349 2811 omnia
359 2759 437 2810 simul
451 2773 532 2809 unum
543 2763 568 2809 et
579 2760 646 2810 idem
659 2772 758 2823 corpus.

116 2831 172 2882 iloc
191 2830 340 2892 generaliter
352 2829 480 2878 atllrmans
492 2828 639 2891 Apostolus,
651 2829 760 2880 affirmat
779 2834 804 2880 et
823 2831 953 2892 speciatim
966 2830 1033 2892 quod
1045 2830 1152 2894 proban-

85 2899 150 2959 dum
170 2899 246 2950 habet
261 2899 292 2949 de
312 2898 437 2960 Ecclesia,
451 2896 562 2961 scilicet,
578 2899 646 2961 quod
666 2900 806 2950 necessarie
828 2900 946 2949 Ecclesia
964 2913 1056 2963 corpus
1076 2900 1151 2952 habet

84 2969 170 3022 multa
184 2973 290 3020 etruria
302 2972 327 3019 et
339 2970 437 3020 diversa
447 2970 576 3030 membra,
589 2971 639 3018 situ
651 2974 675 3018 et
689 2970 769 3019 cilicio
779 2970 933 3029 differentia,
947 2971 1084 3031 superiora,
1095 2983 1150 3020 ruo

85 3038 138 3104 ilia,
153 3037 287 3104 inferiora,
302 3039 337 3087 lta
348 3045 433 3088 tamen
449 3040 477 3086 ut
489 3039 575 3087 omnia
587 3040 637 3086 sint
650 3037 778 3099 equaliter
791 3040 902 3100 eorporis
913 3037 1005 3087 Christi
1017 3038 1148 3103 membra,

85 3106 119 3159 tle
130 3106 226 3158 Christi
240 3118 359 3168 corpore,
371 3110 396 3156 et
409 3108 495 3155 omnia
509 3106 586 3155 simul
599 3118 680 3155 unum
696 3104 787 3154 Christi
806 3119 905 3167 corpus.

113 3175 232 3240 Ecclesia
255 3185 329 3240 ergo,
348 3174 571 3236 christianismus,
592 3175 659 3224 sicut
676 3177 700 3222 et
721 3185 811 3241 eorpus
831 3173 958 3236 naturale,
970 3187 1051 3224 unum
1069 3179 1107 3225 est
1124 3184 1145 3226 et

85 3243 178 3296 muita.

115 3313 170 3371 lloc
183 3315 278 3376 posito,
290 3312 422 3362 recordare
441 3325 511 3363 nunc
530 3314 598 3375 scopi
622 3311 766 3375 apostolici,
785 3313 896 3374 scilicet,
908 3313 1050 3376 spirituales
1061 3315 1143 3367 Corio

84 3380 200 3434 illiorum
207 3380 371 3442 ‚egritudines
382 3381 450 3429 circa
461 3379 612 3430 charismata
622 3393 710 3430 sanare
717 3417 724 3441 ,
732 3380 840 3430 allorum
852 3384 996 3446 superbiam
1006 3383 1142 3433 retundere

83 3451 330 3504 alloruminvidi'em
346 3451 520 3510 exstinguere,
534 3451 651 3499 omnihus
663 3450 839 3512 concordiam,
852 3451 971 3503 mutuum
982 3465 1109 3514 amorem,
1123 3453 1143 3510 a

84 3521 200 3577 audium
215 3520 263 3569 sibl
275 3520 385 3569 invicem
399 3519 552 3569 inserviendi
570 3522 710 3582 inspirare,
723 3522 751 3567 ut
762 3522 816 3578 jum
831 3520 928 3572 dictum
941 3525 979 3572 ost
992 3534 1021 3572 n.
1033 3522 1056 3570 i.

114 3590 173 3642 lam
185 3591 245 3641 verb
258 3593 340 3640 artem
355 3590 462 3648 mirare,
478 3589 528 3651 qut
539 3589 594 3640 haec
605 3592 691 3639 omnia
704 3588 810 3653 perficit.

114 3674 156 3724 15.
173 3674 204 3724 iii
215 3673 380 3736 diaeritper:
397 3671 551 3730 Quoniam...

108 3743 259 3807 aggreditur
266 3739 349 3805 primo
357 3739 1146 3794 interiorumEcclesiaeCorinthiacaemembrorumsanationem.

113 3806 212 3863 Fideles
225 3812 269 3874 qui
283 3809 354 3860 nulla
365 3807 431 3858 (lona
447 3815 594 3872 receperant
605 3846 612 3871 ,
624 3815 669 3859 aut
687 3813 730 3872 qui
750 3811 891 3860 minoribus
903 3810 1002 3860 tautum
1015 3812 1087 3869 erunt
1098 3808 1145 3858 tlo-

86 3882 152 3944 uati,
170 3893 218 3932 sua
240 3882 307 3930 sorte
322 3889 374 3928 nou
394 3879 524 3941 conteuti,
542 3878 782 3940 obmurmurabant,
799 3882 824 3928 ot
839 3877 1055 3951 conquerebantur
1073 3879 1145 3938 quart

84 3953 168 4012 torem
183 3950 199 4002 t
214 3958 320 4013 corpore
333 3947 454 3998 extranei.
