2520 4440
328 254 498 307 TRlPLEX
514 255 736 311 Expostulo.
756 258 837 312 Cri-P.
858 259 942 312 viii.
1113 265 1167 315 505

132 350 179 401 15.
198 349 268 409 ¹lion
299 349 374 401 enim
400 351 544 416 accepistis
597 349 635 399 Ad
644 350 709 412 hoc,
721 363 765 400 555
775 355 803 401 ui
812 354 848 402 ita
856 355 985 414 vivamus,
998 343 1070 404 nobis
1081 354 1166 404 Chris-

99 425 231 490 spirirum
244 425 386 478 servituris
401 425 501 479 peram
514 428 544 481 jn
567 419 643 468 tianis
657 419 731 470 datus
745 425 799 481 est,
813 435 865 472 aon
879 426 982 486 spiritus
998 425 1111 485 servilis,
1133 425 1166 474 ad

99 504 284 558 15&er
300 505 447 571 accepistis
464 507 545 572 spiri,
567 490 723 550 iimendam,
746 493 812 539 siout
832 491 892 542 olim
912 493 1018 554 Judaeis3
1033 493 1076 543 sed
1092 495 1166 556 spiri-

98 589 157 635 tum
180 545 344 650 ad'oplionis
364 583 496 648 mimum,
515 586 543 638 in
567 562 608 608 ias
620 557 719 620 lilialis,
730 561 782 622 ipso
796 560 904 623 Spiritus
920 567 1038 628 sanctus,
1056 565 1164 625 induo,

100 659 541 731 55555555.
567 629 1166 754 stitulassataslasatas

567 765 648 813 Pater.

98 864 1162 891 ...ψῃ-Μ

100 947 147 988 uon
159 935 277 987 carnales
287 936 399 998 tantdm3
407 936 450 987 sed
459 940 484 986 et
493 939 635 1001 superbiam
644 978 650 1000 ,
660 940 792 1000 iuvidiam,
802 943 930 1003 propriam
940 942 1106 1006 volantatem,
1114 949 1163 995 etc.

100 1007 131 1055 ita
142 1007 232 1055 rivere
248 1007 357 1068 splritu‚
373 1005 409 1055 lta
424 1007 525 1068 spiritui
541 1008 656 1068 obedire,
668 1010 720 1056 vita
731 1009 791 1057 rere
807 1009 948 1058 Christiana
961 1017 1015 1071 est;
1029 1013 1081 1061 vita
1096 1012 1163 1063 tillo·

100 1087 153 1124 rum
166 1075 212 1124 liei
222 1079 277 1136 est3
291 1077 335 1124 sia
348 1079 416 1124 corta
434 1075 468 1124 ad
480 1080 600 1126 aeternam
610 1079 721 1140 corporis
730 1080 755 1126 ot
770 1079 861 1127 anima
870 1081 963 1141 vitam,
976 1083 1049 1142 culus
1056 1083 1163 1134 arrhabo

100 1146 251 1207 cipretium
262 1147 301 1193 est
311 1145 420 1206 Spiritus
431 1145 541 1195 Saucius
555 1159 582 1194 n.
597 1150 635 1195 11.
1010 1147 1012 1151 '

128 1230 165 1276 15.
179 1228 236 1276 Noa
247 1227 313 1275 enim
320 1227 449 1289 accepistis
455 1229 575 1290 spiritum
588 1229 723 1278 sapitum.
735 1226 825 1278 Probat
837 1241 894 1290 eos,
906 1230 950 1293 qui
960 1233 997 1280 sic
1010 1232 1162 1294 Spiritaliter

101 1303 222 1360 5555555,
236 1309 290 1346 csse
306 1296 349 1346 Del
361 1297 508 1359 tilios5uuia
519 1298 560 1347 hic
574 1300 678 1359 spiritus
691 1302 727 1347 est
738 1299 879 1362 adoptionis
895 1298 1005 1349 tiliorum
1017 1305 1128 1365 spiritus,
1138 1311 1161 1354 et

101 1369 127 1417 ad
142 1369 192 1418 boc
204 1367 280 1416 nobis
294 1367 369 1417 datas
379 1405 386 1428 ,
396 1373 424 1417 ut
438 1367 527 1417 eodem
543 1370 633 1429 spiritu
649 1382 710 1418 eum
721 1369 819 1418 Christo
832 1369 893 1418 Filio
909 1370 968 1431 Dei,
981 1371 1119 1424 clamemus
1130 1375 1161 1425 ad

100 1437 192 1487 licum-s
211 1437 292 1486 Potor
301 1442 393 1486 nostor.
405 1436 466 1486 Vide
476 1448 564 1498 parem
577 1439 674 1485 textum
688 1437 721 1486 ad
735 1438 815 1487 Galat.
825 1441 848 1487 t.
864 1438 890 1488 n.'
906 1442 930 1488 6.

127 1509 181 1557 Noa
194 1507 263 1557 esaim
276 1507 405 1570 55555555
416 1509 444 1556 in
454 1507 578 1569 baptismo
596 1508 762 1570 Spiritum...
776 1509 910 1558 intimare.
926 1509 968 1559 Gr.
983 1512 1012 1559 ln
1026 1513 1159 1576 timorem,

102 1577 150 1641 Syr.
162 1577 196 1626 ad
207 1579 345 1637 timorem,
363 1576 395 1626 ad
405 1577 563 1637 timendum,
578 1581 680 1627 etmore
691 1591 837 1639 servorum,
848 1581 938 1628 timore
950 1592 1030 1643 poenae
1045 1584 1160 1634 obedien·

101 1647 156 1697 dum
166 1667 173 1697 ε
185 1649 296 1708 iterem,-
308 1648 391 1709 idest,
402 1650 468 1698 sicut
480 1652 632 1710 acceperunt
645 1648 733 1697 iudai.
942 1686 945 1692 .

125 1717 173 1766 Sed
187 1720 291 1778 inquies
303 1739 309 1767 ι
321 1719 445 1779 numquid
454 1720 515 1778 justi
529 1721 555 1766 in
565 1717 617 1778 lege
628 1721 705 1767 veteri
718 1723 790 1767 erant
800 1719 845 1768 lilii
856 1720 898 1769 liel
908 1723 919 1768 Ρ
930 1721 1003 1784 Resp.
1014 1723 1080 1784 5555
1089 1729 1160 1775 erant

101 1787 214 1847 putusm,
227 1786 272 1835 sed
287 1789 414 1848 minores,
427 1792 452 1836 et
465 1789 537 1848 quasi
559 1789 642 1847 servi,
660 1788 706 1836 sub
726 1787 779 1848 loge
796 1790 868 1848 quasi
886 1789 932 1838 sub
949 1791 1096 1854 paedagogo,
1109 1796 1159 1843 eta

96 1858 173 1906 serris
185 1858 214 1905 in
227 1855 310 1904 nihilo
325 1856 469 1906 dissimiles.
481 1855 542 1905 Vide
554 1854 635 1907 Galat.
649 1870 672 1905 c.
686 1858 709 1905 l.
722 1869 748 1906 n.
763 1859 786 1905 5.
1022 1886 1025 1890 -

124 1926 174 1974 Sed
187 1925 318 1986 accepistis
330 1925 455 1986 Spiritum
466 1926 636 1986 adoptionis...
650 1924 765 1984 uitatem,
778 1925 873 1975 scilicet
888 1927 1052 1991 charitatem,
1065 1931 1117 1980 555
1135 1936 1160 1980 et

98 1994 179 2057 ipsum
195 1991 322 2054 Spiritum
339 1993 471 2042 Sanctum.
490 1993 550 2042 Vide
567 2007 590 2042 5.
605 1997 628 2041 5.
642 2006 669 2041 5.
683 1995 706 2041 5.
723 1995 789 2043 sicut
807 1994 913 2043 Verbum
930 1996 1046 2046 divinum
1060 1999 1158 2048 Christo

97 2061 194 2113 bomini
207 2064 373 2124 semetipsum
390 2062 472 2122 dedit,
485 2067 513 2111 ut
530 2064 572 2112 bic
588 2063 680 2122 homo,
695 2065 738 2122 qui
753 2062 846 2111 dicitur
863 2063 993 2124 Christus,
1005 2066 1076 2116 lieret
1091 2067 1158 2117 illius

96 2129 151 2193 liei;
163 2134 200 2180 lta
216 2132 404 2193 aproporuone
419 2132 527 2193 Spiritus
542 2132 649 2181 saneim
662 2131 736 2180 datur
752 2133 824 2181 nobis
838 2134 865 2180 ia
880 2132 1021 2195 baptismo,
1036 2139 1065 2184 ut
1078 2139 1158 2187 simus

95 2199 139 2250 lilii
152 2200 208 2251 liei.
219 2199 281 2265 Vide
294 2199 395 2249 cornel.
407 2201 423 2249 5
436 2201 497 2262 555.
511 2201 564 2250 hio.

123 2271 154 2320 in
169 2285 221 2333 quo
236 2270 376 2322 clamamus
378 2304 447 2321 .......
458 2284 502 2332 per
521 2284 596 2332 quem
613 2271 724 2332 adoptati
741 2270 821 2321 ileum
840 2272 1001 2333 invocamus,
1013 2276 1043 2322 ut
1057 2273 1157 2324 Patrem

93 2341 315 2400 amantissimum,
335 2351 387 2393 non
404 2339 492 2389 timido
510 2342 535 2389 et
556 2340 694 2401 submisst3
717 2339 760 2389 sed
778 2339 856 2389 libert
875 2344 901 2390 et
922 2341 972 2391 555
994 2340 1154 2392 clamantes:

92 2407 183 2464 5555,
194 2409 284 2458 Pater.
777 2446 784 2453 .

121 2477 186 2526 Nota
201 2484 226 2526 1⁰
237 2476 305 2539 5555
320 2476 452 2540 Apostolus
468 2490 520 2527 555
536 2480 596 2527 satis
611 2477 686 2527 babet
702 2476 799 2537 dicere,
814 2476 881 2539 5555
897 2478 1019 2539 Spiritum
1033 2477 1156 2530 libertatis

92 2549 254 2609 recepimus,
274 2547 318 2596 sed
335 2546 413 2608 dicit,
431 2547 556 2608 Spiritum
572 2547 732 2610 adoptionis3
747 2548 806 2609 quia
828 2559 859 2596 ex
873 2549 965 2608 servis,
984 2560 1036 2596 non
1055 2549 1156 2599 tantum

92 2614 167 2666 liberi
178 2615 240 2667 iacti
253 2629 342 2665 sumas
352 2652 359 2676 ‚
369 2615 413 2664 sed
430 2620 455 2665 et
472 2615 516 2664 tilii
535 2615 588 2666 Dei.

122 2686 186 2735 liota
199 2688 227 2734 2ο
240 2683 309 2747 5555
322 2687 345 2733 ei
360 2697 413 2733 555
433 2685 524 2734 sufficit
541 2685 641 2745 dicere,
652 2686 679 2733 ln
693 2695 743 2746 555
760 2682 868 2732 dleimus
880 2686 995 2742 orantes,
1008 2683 1051 2731 sed
1067 2684 1094 2731 in
1107 2698 1156 2745 quo

92 2753 249 2812 5555555555,
258 2767 303 2804 seu
311 2752 430 2803 audacter
440 2758 465 2803 et
476 2753 585 2817 publice,
596 2754 749 2810 clamamus,
757 2752 846 2810 Abba,
856 2752 942 2802 Pater.
954 2752 1018 2801 liuic
1028 2751 1156 2811 conforme

93 2822 208 2885 estquod
219 2825 289 2872 canit
299 2821 410 2872 Ecclesia
422 2841 428 2872 ι
441 2822 572 2886 Praeceptls
583 2823 734 2874 salutaribus
742 2822 832 2870 moniti
842 2857 849 2881 ,
859 2825 884 2870 et
902 2820 987 2870 divini
998 2823 1156 2881 institutione

94 2893 195 2942 formati
204 2929 211 2952 ‚
220 2891 345 2946 audemus
353 2891 450 2941 dicere:
461 2892 538 2942 Pater
545 2899 640 2950 noser,
649 2896 697 2941 etc.
707 2890 755 2939 hoc
765 2902 812 2938 nos
819 2889 932 2939 Christus
941 2889 1027 2939 docuit
1033 2889 1120 2940 ltatih.
1130 2895 1154 2941 6.

123 2962 187 3011 liota
203 2960 314 3022 denique
325 2960 433 3010 duarum
443 2973 535 3011 vocum
549 2961 616 3010 idem
627 2959 823 3022 significantium
835 2960 1040 3018 commotionem
1050 2997 1057 3021 ,
1068 2961 1154 3019 Abba,

95 3040 180 3090 Pater.
200 3038 274 3088 Abba
293 3038 409 3089 hebraica
430 3051 474 3087 seu
493 3039 589 3100 syriace
606 3037 673 3086 idem
694 3035 818 3098 siguificat
838 3045 868 3083 55
884 3033 896 3077 o·
910 3037 989 3097 πατὴρ
1001 3037 1095 3099 grace,
1110 3050 1154 3088 555

93 3110 170 3159 Pater
183 3107 264 3158 iatine
278 3127 285 3156 ι
300 3120 378 3171 quare
389 3119 446 3170 ergo
457 3107 503 3157 has
514 3107 577 3156 duas
588 3119 661 3155 voces
675 3105 718 3154 hle
729 3103 807 3156 simul
822 3105 906 3166 iungit
921 3103 1072 3165 Apostolus?

123 3177 291 3240 Utstgniucet
306 3177 404 3226 Judaeos
420 3181 445 3227 et
464 3177 573 3228 Gentiles
588 3177 685 3239 pariter
695 3177 796 3223 vocatos
808 3174 839 3222 ad
851 3173 962 3223 liliorum
979 3174 1023 3223 liei
1040 3175 1155 3239 adoptio·

96 3248 212 3298 remila
224 3247 254 3297 D.
267 3246 422 3308 Augustinus
434 3245 478 3296 lib.
495 3246 527 3296 de
542 3247 637 3309 Spiritu
649 3248 674 3292 et
685 3243 785 3304 littera,
797 3256 820 3292 5.
835 3245 874 3292 32.
887 3245 912 3293 et
925 3241 968 3292 lib.
988 3241 1019 3292 do
1030 3257 1154 3295 consensu

95 3315 212 3379 Evangel.
224 3327 281 3378 cap.
295 3317 318 3364 4.
340 3360 345 3365 .

122 3388 195 3441 Forte
211 3390 306 3447 etlam,
319 3387 378 3448 qula
392 3385 424 3435 ad
435 3388 513 3450 ipsius
524 3386 616 3437 Christi
632 3387 771 3434 orationem
787 3385 814 3432 in
823 3382 896 3432 horto
905 3380 995 3432 alludit
1007 3381 1153 3445 Apostolus,

96 3463 122 3508 ut
136 3460 210 3509 nobis
226 3457 323 3507 indicet
341 3456 423 3517 5555,
435 3456 492 3506 iicet
503 3457 613 3518 adoptivi
625 3454 725 3504 tantum
736 3451 796 3512 lllli,
808 3452 895 3501 eodem
907 3455 992 3501 tamen
1006 3453 1111 3514 spiritu,
1129 3454 1154 3499 et

98 3527 181 3579 isdem
195 3527 318 3586 vocibus,
331 3525 411 3574 Deam
421 3529 516 3589 patrem
529 3528 645 3574 nostrum
655 3522 822 3582 alloquimur,
832 3534 862 3569 ac
876 3520 989 3569 Christus
1002 3522 1053 3582 ipse
1061 3519 1153 3579 primo

95 3599 191 3657 genitus
207 3600 233 3646 et
249 3595 471 3658 consubstantialis
481 3595 559 3644 Filius
571 3593 696 3642 allocutus
708 3595 745 3640 est
756 3609 762 3639 =
775 3591 861 3648 Abba,
876 3591 961 3640 Pater.
975 3589 1048 3637 blare.
1065 3586 1152 3633 1555.

122 3665 194 3716 Forte
206 3670 231 3716 et
244 3668 274 3715 ut
285 3664 335 3714 555
346 3678 437 3719 uocum
448 3666 596 3727 repetitione
610 3662 749 3718 fervorem,
760 3671 930 3721 magnumque
941 3658 1057 3706 allectum
1073 3654 1152 3712 signi-

97 3730 162 3796 555,
174 3747 224 3796 555
236 3733 360 3783 debemus
371 3732 470 3784 Patrem
481 3732 607 3783 ooelestem
619 3741 691 3778 orare
704 3747 710 3776 ι
723 3728 808 3785 Abba,
823 3728 909 3776 Pater.

123 3802 194 3861 Forte
203 3807 229 3853 et
239 3806 268 3853 ut
278 3801 383 3853 filialem
394 3801 529 3862 fiduciam,
541 3801 591 3864 555
604 3812 665 3858 555,
675 3797 810 3847 Christiani
826 3802 958 3858 possumus
969 3787 1053 3836 statim
1065 3784 1080 3830 5
1090 3784 1154 3876 555-

97 3872 167 3921 tismo
180 3871 282 3922 Patrem
300 3870 418 3920 divinum
431 3870 523 3932 alloqui
533 3907 540 3930 ,
552 3871 625 3930 eique
643 3869 670 3916 iu
687 3865 842 3915 orationibus
856 3859 958 3913 nostris,
971 3852 1040 3913 quasi
1052 3861 1152 3908 mua

98 3939 215 4004 infantes,
226 3937 353 4004 blandula
364 3941 390 3992 ot
400 3939 489 3989 iterati
503 3934 566 3989 vocs
580 3935 749 3987 balbutientes
760 3933 859 3991 dlcers,
873 3917 1057 4001 Pattrsl’al‘f·
