2520 4440
161 246 167 258 '
235 261 401 318 lllll‘LEx
419 267 646 322 expostulo.
666 270 746 324 ose.
762 272 833 323 νυ.
1029 273 1064 325 oa

70 469 1058 513 Wunwmmmummuunnmmmmummmm

154 655 415 745 ANALYSIS
443 665 652 748 CAPITIS
681 665 910 748 SEPTIMI.

455 878 605 899 5——

486 1026 579 1078 nemo.

74 1166 723 1248 primisversibusexplicatetprobatquod7.
739 1180 784 1232 lt.
801 1184 862 1246 cap.
879 1193 963 1283 praec.
978 1166 1061 1249 dicit,

70 1249 283 1324 stitcublepe,
296 1263 346 1313 etc.
436 1258 437 1264 ’

70 1333 139 1389 laeos
148 1351 219 1406 ergo
229 1341 268 1393 ad
277 1341 416 1398 Christum
424 1347 740 1414 couversosalloquens
749 1363 790 1402 ets
800 1348 913 1416 exponit
921 1348 1064 1417 quomedo

70 1417 196 1475 hristum
213 1423 272 1477 sint
284 1425 373 1496 alege
384 1428 483 1483 liberi·
498 1436 558 1483 tum
572 1430 651 1496 quta
658 1431 688 1483 iu
703 1431 857 1499 baptismo,
873 1433 924 1499 pe'r
935 1430 1064 1485 virtutem

70 1500 221 1557 lsdhristi
213 1507 287 1574 ipsis
297 1513 364 1563 tunc
374 1512 535 1579 applicatae,
547 1518 574 1566 et
586 1512 666 1579 quasi
677 1514 861 1581 appropriata
869 1512 1062 1568 mortuisu'nt

74 1584 139 1638 lex
129 1602 159 1639 ιη
174 1603 229 1642 eos
241 1591 301 1644 vim
312 1594 429 1660 amplius
443 1596 610 1662 nonhabet,
626 1597 697 1649 sicut
711 1598 829 1653 maritus
842 1597 1000 1695 dominiutn
1006 1608 1064 1659 non

80 1667 279 1740 inconjugem
292 1683 441 1730 mortuam.
493 1708 494 1711 =
1087 1675 1091 1682 ’

70 1754 192 1821 mquia,
204 1756 236 1808 in
250 1757 405 1825 baptismo,
421 1768 632 1816 resurrexerunt
643 1777 708 1815 cum
722 1763 849 1828 Christo,
868 1775 971 1814 novam
987 1763 1016 1813 in
1031 1775 1064 1813 eo

82 1845 276 1906 receperun13
295 1841 350 1908 ipsi
365 1844 435 1919 uniti
443 1847 601 1912 ,copulati,
617 1829 980 1910 etspititualimatrimonio
994 1855 1065 1895 con-

70 1919 212 1987 .:sicque
229 1924 288 1976 sub
301 1925 389 1992 gratia
404 1933 483 1990 sunt,
498 1935 529 1980 ut
541 1942 575 1981 ex
590 1930 624 1981 cd
635 1932 692 1981 Deo
706 1927 887 1990 fructificent,
900 1940 951 1980 scu
960 1925 1066 1978 fructus

70 2001 224 2058 troducant
230 2022 241 2071 3
254 2005 335 2061 sicut
347 2009 468 2077 sublege
479 2010 578 2064 mortis
591 2011 699 2064 fructus
708 2012 890 2084 pepererunt.

371 2147 373 2150 ’
477 2128 602 2184 sscunnd.

83 2233 147 2287 eliis
160 2249 229 2305 seq.
242 2237 273 2306 lt.
293 2238 412 2305 explicat
423 2239 567 2305 quomodo
576 2240 635 2303 lex,
648 2239 751 2307 licetin
762 2242 912 2301 sescenta,
924 2250 974 2304 pet
986 2242 1067 2291 oc'ca-

70 2327 89 2366 ιι
98 2320 201 2370 tamon
213 2325 373 2384 peccatum
386 2321 585 2388 multiplicavit.
600 2323 743 2384 Quatenus
755 2319 801 2373 illa
812 2326 972 2385 peccatum,
986 2317 1067 2370 antea

72 2438 80 2462 ,
92 2399 240 2474 indicavit
249 2407 282 2454 et
293 2403 401 2468 vetuit3
413 2402 523 2472 hacque
531 2410 591 2456 tum
600 2403 710 2467 notitia,
722 2409 781 2456 lum
789 2400 992 2471 prohibitione,
1003 2413 1068 2452 con·

70 2482 183 2536 entiam
195 2484 348 2552 peccandi
361 2484 487 2538 irritavit.

70 2571 208 2632 tantem,
226 2567 386 2621 modestiae
397 2569 494 2634 causa,
507 2571 613 2622 Paulus
620 2570 649 2621 in
665 2568 814 2635 semetipso
822 2565 952 2632 exponit,
966 2578 1027 2617 sese
1038 2564 1067 2615 in

70 2645 170 2703 istatu
184 2663 380 2717 supponens;
394 2656 460 2704 ante
477 2652 567 2719 legem
579 2652 607 2720 p.
624 2655 652 2704 9.
670 2649 738 2718 Epo
755 2653 850 2704 auum
865 2645 994 2700 vivebam
1008 2644 1068 2697 sinc

70 2733 111 2784 tto.
125 2738 198 2798 post
210 2727 316 2803 legem
331 2748 339 2784 :
354 2731 409 2786 Sed
420 2733 486 2786 etim
502 2732 625 2788 emisset
634 2732 819 2798 mundatum,
836 2733 885 2784 etc.
899 2729 972 2782 illius
983 2738 1067 2779 occa-

83 2815 194 2868 exarsit
210 2815 470 2881 concupiscentia,
481 2821 509 2870 et
520 2820 636 2883 peccato
651 2827 698 2868 me
712 2812 823 2890 occidit.

488 2932 595 2986 sunno.

70 3044 234 3097 utransitu
246 3042 266 3095 a
276 3047 358 3097 statu
364 3043 435 3109 legis
441 3041 479 3095 ad
487 3045 590 3094 statum
600 3039 708 3106 gratiae,
722 3039 750 3107 γ.
760 3042 805 3091 ll.
816 3037 932 3107 epplicat
943 3034 1006 3093 etin
1014 3034 1068 3086 hoc

70 3123 210 3180 [edendos
224 3118 357 3185 effectus
374 3123 612 3190 concupiscentiae
625 3138 632 3175 :
645 3122 718 3173 sicut
727 3125 820 3193 autem
834 3117 911 3186 prius
925 3118 954 3170 in
966 3122 1068 3171 somet-

70 3210 231 3274 tttudaeo,
253 3207 389 3261 ostendit
405 3206 511 3260 ludaeis
526 3217 628 3270 pravos
643 3203 758 3257 effectus
775 3200 1006 3266 concupiscentiae
1016 3198 1068 3250 sub

70 3291 103 3344 'tic
120 3299 150 3346 et
173 3291 370 3356 semetipso,
393 3295 425 3342 ut
440 3288 614 3351 Christiano,
634 3285 761 3352 ostendit,
774 3283 949 3347 Christianis,
968 3281 1068 3334 invitos

70 3369 381 3441 seoncupisoentiae,
398 3371 483 3423 etiam
496 3365 525 3420 in
539 3367 650 3420 sanctis.
707 3419 710 3424 ,
733 3357 738 3364 ’

70 3455 290 3527 l.1ngemisoit
304 3453 345 3507 ob
357 3453 433 3506 hanc
451 3451 608 3516 miseriam,
625 3449 755 3516 illiusque
768 3444 922 3523 remedium
937 3441 1065 3498 ostendit.
