2520 4440
160 253 196 304 εδ
455 253 658 306 epistota
676 246 928 306 annonarios

191 345 223 396 Et
240 344 300 396 sanc
317 358 418 407 equum
435 349 473 396 est
490 351 535 408 ut,
550 349 621 397 tanto
640 345 756 407 coniugio
813 349 840 400 5.
856 344 929 401 (irim
945 343 1023 401 enfin
1045 354 1164 397 essemus
1182 338 1203 392 iu

161 413 756 491 nobiittat13iructumedamuschristo,sponso
779 422 1204 491 came‚p0moepeccatorum

160 484 263 540 nostro,
275 479 396 541 dignum,
416 481 476 530 crim
491 484 560 532 enim
576 482 623 531 sub
637 481 689 543 lege
703 494 758 529 car·
780 515 843 570 quae
854 501 1111 569 mmmmm,
1124 508 1205 561 opera.

161 548 229 609 nali,
240 551 312 610 quasi
323 551 428 611 marito,
438 553 597 612 viveremus3
608 555 670 602 tunc
681 550 757 600 atico
780 577 918 631 hamum
924 574 1060 628 membris
1068 571 1206 638 nomm,

160 619 241 668 tiones
254 623 279 668 et
291 619 413 670 desideria
427 620 564 682 peccandi,
576 633 632 682 quae
643 617 758 682 perlegis
781 654 979 710 fructificarent
993 651 1090 706 mom·

160 690 318 737 occasionem
325 689 419 744 flebant
430 690 566 740 imitatoria
577 727 584 751 ,
596 692 632 739 ita
644 689 759 738 domina-

161 755 253 804 bantur
262 758 289 804 in
298 758 418 806 membris
429 760 537 819 nostris,
549 763 578 808 ut
593 771 637 821 per
651 771 679 807 ca
691 757 758 808 fruc·

161 827 202 938 {uisi
216 820 377 885 peccatorum
388 829 521 888 parerent,
535 827 625 876 mortis
636 827 701 876 ictus
716 829 758 876 ln-

171 903 184 939 e
204 903 255 940 ces.
660 908 663 913 ’

191 960 342 1022 Nuncergc,
354 961 398 1010 ubi
410 973 455 1024 per
465 960 557 1011 Christi
568 965 675 1024 gratiam
683 962 759 1012 soluti
816 960 843 1010 6.
850 957 1029 1009 Nuncautem
1038 951 1122 1006 soluti
1129 961 1208 1004 sumus

161 1040 251 1076 sumus
267 1029 299 1077 ah
317 1029 360 1078 iilo
378 1042 439 1078 cum
460 1029 513 1091 lege
530 1034 661 1093 conjugio,
686 1035 759 1092 cujus
782 1036 869 1102 alege
880 1033 995 1096 mortis,
1006 1031 1038 1084 iu
1054 1043 1110 1097 qua
1121 1029 1208 1081 detine·

161 1097 264 1148 vinculo
286 1100 475 1160 vinciebamur,
497 1107 522 1149 et
537 1101 604 1162 quod
621 1101 693 1150 nobis
707 1106 760 1150 erat
782 1112 934 1178 h3m0f‚112
942 1109 1208 1168 upgemamusinno·

191 1278 307 1331 Christus
320 1282 416 1344 Spouso
430 1287 599 1344 comparatur.
614 1286 638 1334 2.
653 1284 710 1334 Cor.
727 1288 764 1334 tt.
777 1298 802 1333 n.
820 1287 844 1332 2.

191 1350 304 1402 Ecclesia
318 1352 428 1413 Sponsa.
442 1352 534 1414 Ephes.
550 1355 573 1401 5.
588 1356 628 1402 27.

195 1422 225 1470 ut
239 1420 417 1482 fructificemus
430 1421 494 1478 Deo,
509 1420 536 1468 id
549 1425 599 1480 est,
612 1424 641 1470 ut
654 1423 681 1470 in
695 1419 743 1471 hoc
757 1424 843 1470 nostro
859 1431 919 1469 cum
932 1417 1035 1467 Christo
1049 1417 1174 1477 coniugu,
1186 1424 1208 1462 cr

163 1489 255 1539 Christi
269 1491 364 1550 gratia,
376 1490 504 1548 pariamus
521 1489 571 1538 lieo
582 1502 657 1552 opera
669 1490 735 1539 hona
749 1494 774 1538 et
785 1489 888 1548 divina,
904 1485 979 1547 fidei,
994 1487 1065 1548 spei,
1080 1484 1208 1540 charitatis,

162 1558 320 1617 charumque
335 1559 468 1606 virtutum.

194 1643 218 1689 t.
231 1640 292 1690 Cdm
303 1639 368 1688 enim
380 1652 486 1688 essemus
494 1639 522 1687 in
532 1653 635 1689 carae...
644 1639 688 1689 dat
697 1642 831 1699 rationem,
841 1639 872 1687 ob
884 1650 962 1698 quam
974 1634 1085 1685 debeant
1094 1634 1143 1684 lieo
1154 1632 1209 1682 fruc·

163 1708 273 1769 tisscare;
284 1706 409 1767 simulque
421 1707 529 1756 ostendit
538 1708 674 1757 discrimen
687 1711 751 1756 luter
762 1708 811 1756 hoc
821 1706 968 1756 Judaeorum
978 1718 1042 1754 cum
1053 1703 1151 1754 Christo
1163 1713 1210 1751 cen-

162 1781 259 1840 jugium
269 1779 313 1838 ,et
325 1777 468 1839 precedens
483 1791 571 1826 eorum
588 1792 647 1828 cum
660 1778 713 1839 lege
725 1779 928 1826 matrimonium.

197 1848 258 1901 Gdct
271 1847 336 1896 enim
355 1860 460 1895 essemus
472 1847 500 1895 ia
513 1860 603 1905 meae,
614 1846 640 1895 id
656 1852 707 1907 cst,
724 1847 785 1897 crim
796 1846 843 1894 sut)
857 1845 911 1907 lege
926 1846 1074 1896 viveremus
1086 1841 1210 1894 secundun

164 1915 291 1968 carnalem
304 1916 445 1965 hominem.
939 1952 944 1961 ,
1172 1951 1175 1956 .

192 1985 325 2034 Passiones
336 1991 510 2046 peccatorum,
528 1985 555 2034 id
570 1987 621 2043 est,
634 1987 718 2048 motus
729 1984 941 2046 concupiscentie
955 1981 990 2032 ad
1004 1985 1140 2044 peccatum
1152 1978 1210 2031 iacit

163 2059 253 2114 nantes
263 2091 270 2114 ‚
282 2067 340 2115 que
350 2066 396 2116 per
409 2054 485 2116 tepent
498 2060 577 2111 aaut,
588 2053 614 2102 id
625 2056 662 2102 est
669 2090 676 2113 ‚
684 2067 740 2114 quac
752 2056 883 2102 occasions
893 2052 956 2113 legis
967 2050 1157 2110 excitabantur,
1167 2061 1210 2111 ope

163 2124 300 2181 reboatur,
308 2122 335 2171 id
346 2126 391 2182 est,
401 2134 465 2183 opus
477 2135 552 2171 suum
563 2122 749 2183 peragebantur
761 2122 880 2171 membru
888 2120 991 2178 nostras,
1002 2132 1049 2170 seu
1061 2132 1107 2182 per
1115 2117 1210 2168 meniu

164 2197 265 2253 nostra;
284 2198 314 2240 ut
334 2192 514 2255 fructificarent
532 2193 621 2249 morti,
634 2192 660 2240 id
673 2196 727 2252 est,
748 2196 777 2241 ut
796 2191 894 2240 tructus
909 2194 1076 2253 peccatorum
1092 2192 1210 2252 parerent,

163 2264 208 2322 qui
220 2273 267 2310 nos
278 2260 400 2308 ducerent
411 2258 444 2306 ad
455 2264 577 2320 mortem,
589 2273 685 2322 uosque
698 2261 774 2310 morti
783 2259 905 2322 pabulum
918 2259 1021 2308 darent.
1036 2259 1109 2309 Fictis
1120 2256 1209 2321 pacet,
1239 2262 1250 2307 ‚⁴

163 2343 240 2379 mors.

194 2414 219 2459 6.
232 2410 302 2459 Nunc
315 2413 399 2458 auem
409 2407 485 2457 soluti
495 2423 582 2458 sumtu
593 2408 610 2460 d
621 2410 672 2472 depe
684 2411 781 2468 mortis,
792 2409 818 2459 id
827 2412 880 2469 est,
891 2408 908 2460 d
919 2409 981 2472 leqe,
990 2421 1050 2472 quta
1063 2412 1119 2460 erat
1130 2408 1210 2459 moedi

164 2480 276 2540 peccati,
291 2480 316 2525 et
331 2476 386 2525 ideo
397 2477 499 2534 mortis,
509 2479 537 2525 ia
550 2491 601 2539 qua
613 2479 799 2535 detinebamur,
814 2477 905 2538 idest,
921 2480 1000 2539 cujus,
1009 2477 1118 2529 vinculo
1131 2477 1210 2529 uocit-
1248 2530 1250 2537 ,

164 2548 270 2606 hamur,
286 2557 435 2605 eramusque
452 2547 544 2607 captivi
557 2566 563 2594 ι
576 2548 614 2596 ite
626 2553 655 2595 et
666 2549 820 2607 suciamus,
834 2546 928 2607 idest,
942 2550 973 2596 ut
983 2549 1127 2597 serviamus
1136 2544 1209 2595 ssecis
1246 2558 1250 2593 i

164 2617 272 2666 cecitate
282 2615 399 2676 spiritus,
413 2614 439 2662 id
451 2619 501 2676 est,
513 2629 579 2664 novo
591 2619 680 2678 spiritu
689 2654 696 2677 ,
706 2617 802 2666 scilicet
813 2618 904 2678 spiritu
916 2616 1128 2679 charitatisque
1136 2616 1209 2677 dimo
1247 2606 1250 2659 Ϊ

165 2693 199 2734 est
210 2686 237 2732 ia.
250 2683 367 2732 ensibus
382 2684 473 2732 nostris
491 2698 536 2746 per
550 2686 676 2746 Spiritum
697 2687 831 2743 Scortum,
845 2685 889 2746 qut
901 2686 977 2735 dctus
993 2691 1030 2735 est
1043 2686 1126 2736 aoid.
1136 2684 1208 2735 Senti

165 2755 246 2803 Dema
266 2751 415 2811 diligamus,
434 2755 555 2812 tanquam
574 2753 620 2802 tilii
638 2753 765 2816 adoptivi,
782 2758 807 2804 ct
822 2759 945 2816 tanquam
966 2757 1096 2816 unigeniti
1114 2753 1165 2804 suu
1178 2750 1206 2799 sui

165 2833 275 2883 sponsa5
287 2824 310 2868 et
323 2833 373 2866 non
387 2819 414 2866 ire
426 2826 544 2870 vetustate
557 2822 656 2879 littere,
668 2823 695 2871 id
708 2827 759 2883 est,
771 2827 797 2872 et
814 2836 866 2873 nou
878 2825 945 2872 sicut
956 2823 1005 2872 sub
1018 2823 1075 2885 lege
1091 2822 1178 2880 veteri,
1189 2819 1206 2864 ⁰¹

164 2888 265 2936 tantum
276 2885 394 2948 litterali,
408 2898 453 2936 seu
469 2890 560 2950 spiritu
573 2891 659 2953 gratiae
676 2890 809 2952 destituta,
825 2894 949 2952 tanquam
962 2894 1051 2954 servi,
1063 2895 1090 2941 et
1100 2890 1154 2942 solo
1167 2897 1206 2950 pti*

165 2968 257 3005 narum
270 2958 349 3003 metu.
1246 2966 1250 2973 “

197 3024 276 3073 Gracci
288 3023 374 3084 legunt
386 3043 392 3073 r
404 3024 476 3074 Nunc
489 3029 575 3075 autem
589 3026 664 3076 soluti
678 3040 766 3078 sumus
777 3028 792 3077 a
805 3027 857 3090 lege
872 3047 879 3078 ι
897 3031 1009 3090 mortui,
1021 3030 1049 3080 ld
1062 3024 1205 3092 sanctiate
1248 3058 1250 3063 -

165 3107 223 3142 mus
233 3096 325 3141 mortui
338 3095 360 3141 ei
370 3130 377 3153 ,
389 3096 437 3142 etc.
447 3095 495 3142 aiii
508 3095 608 3156 legunt,
623 3100 722 3145 mortuo
734 3110 763 3145 eo
773 3135 780 3157 ,
789 3099 816 3146 iu
828 3111 878 3158 quo
892 3098 1083 3150 detinebamur.
1093 3093 1204 3151 Aiiidltia
1248 3090 1250 3095 ’

166 3167 274 3208 mortua.
287 3161 364 3222 Syrus
376 3179 383 3209 ε
395 3161 467 3213 Nunc
481 3168 568 3211 autem
586 3176 713 3212 cessamus
724 3164 819 3226 alege,
832 3169 857 3214 et
872 3169 968 3215 mortui
984 3180 1078 3218 sumus
1090 3169 1115 3217 ci
1125 3165 1163 3228 qul
1172 3169 1204 3211 11⁰³

165 3231 307 3290 detinebat,
322 3235 370 3280 etc.
994 3285 998 3289 .

196 3299 244 3348 Sed
255 3305 338 3348 nostra
350 3300 438 3359 lectio,
453 3303 526 3360 cujus
537 3302 654 3350 meminit
664 3300 796 3365 Origenes,
810 3316 888 3365 quam
899 3306 1018 3366 sequitur
1029 3299 1203 3359 Ambrosius>et
1243 3296 1250 3343 3

165 3378 242 3428 quam
255 3367 386 3416 confirmat
397 3368 426 3418 D.
438 3368 539 3417 Hieron.
552 3368 642 3418 clarior
654 3374 700 3418 est.
917 3410 920 3416 .
1074 3408 1078 3413 .
1240 3365 1250 3379 “

196 3435 233 3483 Ex
244 3436 318 3496 supra
328 3435 401 3484 dictis
411 3437 434 3485 t.
447 3436 515 3485 disce
526 3436 592 3498 quod
602 3438 743 3500 Baptismus
755 3441 790 3487 ita
802 3452 873 3490 mors
888 3444 944 3502 est,
957 3445 987 3491 ut
998 3446 1025 3492 et
1035 3437 1202 3492 matrimonium
1244 3435 1250 3483 ἷ

165 3508 207 3554 stt.
485 3504 489 3511 ’
1074 3531 1078 3537 ·

196 3574 260 3622 Mors
271 3573 388 3634 quidem,
399 3577 458 3635 quia
472 3587 515 3636 per
528 3575 653 3636 Baptisma
668 3579 793 3627 morimur
809 3581 914 3640 peccato
925 3614 932 3639 ,
942 3583 1026 3630 veteri
1041 3580 1151 3639 homini;
1161 3581 1203 3625 ⁶¹11ss
1240 3584 1250 3629 ,Ι

165 3643 264 3691 Christo
278 3645 402 3692 morimur
417 3648 442 3691 et
455 3643 604 3704 sepelimur,
618 3649 647 3693 ut
660 3647 686 3693 in
699 3659 755 3707 cap.
767 3650 791 3696 6.
803 3647 980 3708 saepe-dictum
993 3653 1050 3699 esu

195 3713 384 3762 Matrimonium
396 3713 455 3762 vcro
467 3716 540 3774 ,qnia
551 3726 595 3774 per
604 3715 760 3776 Baptismum
769 3720 863 3767 animae
874 3723 968 3768 uostrae
979 3722 1109 3770 unluntur
1119 3715 1202 3768 cuiae.

167 3779 283 3830 Ecclesiae
296 3794 401 3842 sponso,
421 3795 550 3842 unumque
567 3781 643 3832 timus
656 3797 716 3833 cum
729 3786 785 3846 iilo,
800 3789 829 3835 ut
840 3799 871 3835 ex
884 3789 939 3850 ipso
959 3792 985 3837 et
995 3802 1042 3852 per
1053 3791 1136 3852 ipsum
1149 3790 1203 3846 operi
1243 3794 1250 3827 t

166 3852 301 3906 sanctae
310 3849 358 3896 Deo
370 3849 444 3909 digua
455 3853 590 3909 pariamus.
1245 3902 1248 3910 ,

198 3917 236 3964 Ad
248 3916 296 3966 hoc
312 3918 428 3977 attende,
440 3917 454 3966 ὀ
469 3921 553 3967 anima
564 3922 633 3970 mea!
647 3925 672 3970 ct
681 3924 752 3971 tanto
763 3922 859 3974 honore
870 3924 1022 3988 nobilitata,
1034 3926 1126 3979 Christi
1139 3914 1204 3986 sponil
