2520 4440
302 244 472 297 rnrruax
490 245 716 298 uxrosrrro.
736 245 817 297 ear.
839 246 889 296 rr.
1075 229 1126 294 sr'r

60 339 179 394 calicem
190 337 308 402 nibeis,
321 347 440 394 mortem
450 342 508 393 Do·
531 338 579 388 hoe
598 338 789 388 Sacramentum
802 341 835 389 sit
852 318 989 389 bomlnloae
1003 339 1127 400 passionis

63 416 133 469 mini
145 416 344 470 annuntiabitis
360 412 451 470 donec
464 431 509 470 ve·
530 407 685 456 memmim-

63 494 133 545 nint,
560 476 762 538 Quotiescunque
775 489 832 537 ergo
842 475 913 526 huno
923 489 1014 538 panem
1026 488 1128 528 sacrum

530 547 674 606 comeditis,
687 552 712 596 et
725 548 829 596 calicem
843 547 943 595 Domini
955 547 1049 607 bibitis,
1059 559 1128 597 mor-

529 618 580 663 tem
595 614 695 664 bomini
710 619 861 664 annuntiare
876 615 986 674 debetis,
1001 616 1080 664 donee
1093 617 1127 664 ad

526 683 653 742 judicium
674 688 768 734 veniat.
780 685 833 733 lleu
849 684 973 744 errantum
987 683 1091 741 abestis,
1111 686 1125 731 d

528 752 657 804 {lominica
671 755 766 804 Coena!

97 818 506 885 astraqueqmcunqoeman-
559 823 622 872 ilinc
645 828 670 872 et
692 825 779 872 discite
804 824 913 883 indigna
938 822 1125 871 communionis

61 897 208 950 duraverit
234 909 335 962 panem
355 896 442 958 hune,
464 898 503 948 vel
528 895 703 942 enormitatem
734 904 742 935 r
767 892 826 940 cunr
851 893 906 941 hae
932 892 1052 952 mysteria
1074 891 1126 939 sint

59 975 165 1028 biberit
187 974 302 1027 calicem
330 975 438 1027 Domini
463 977 506 1026 jn,
528 964 616 1009 mortis
628 963 726 1042 bomini
738 964 933 1023 repraesentatio.
1033 1031 1065 1042 ..

60 1053 163 1121 digne,
177 1066 243 1105 reus
261 1053 314 1104 erit
333 1053 459 1119 corporis
478 1059 505 1106 et
529 1098 534 1108 .
559 1029 622 1110 E.¹'²‘³'⁰
633 1044 778 1124 quicunqne
794 1029 1001 1124 orandorumrwel
1015 1029 1079 1078 ΝΜ
1094 1040 1124 1077 ²³³

61 1131 339 1201 maturueri-
528 1098 779 1218 illuceatur
793 1098 1125 1230 lilltsdltlrlllll

528 1238 581 1293 ret,
595 1206 862 1298 ejusnne’sangulnem
877 1238 1000 1286 tunderet.

92 1302 364 1356 marchelmum
382 1303 503 1369 seipsum
557 1304 592 1352 Nc
609 1307 671 1353 tanti
691 1306 805 1354 criminis
820 1307 876 1365 quis
896 1318 954 1352 rous
975 1307 1024 1364 sit,
1044 1317 1124 1352 unus-

87 1481 170 1531 Goena
184 1478 276 1529 Christi
292 1476 341 1527 fult
354 1480 471 1528 omnibus
487 1483 629 1530 eommunis
643 1496 649 1529 :
661 1486 743 1530 restra
759 1485 844 1531 autem
862 1480 1030 1542 particularis.
1120 1485 1126 1500 ‘

88 1551 168 1601 Coena
185 1548 278 1598 Christi
291 1547 340 1597 fult
359 1551 520 1598 annuntiatio
539 1564 591 1600 snae
607 1553 712 1610 mortis,
730 1566 774 1600 vos
791 1565 888 1600 coenam
900 1555 1022 1613 agentes,
1040 1551 1124 1601 Chris·

56 1623 131 1683 tique
142 1621 252 1668 mortem
262 1617 424 1667 Sacramenta
437 1624 659 1681 representantes,
673 1621 704 1669 de
718 1621 767 1672 hae
780 1627 861 1670 morte
872 1634 924 1670 non
933 1623 1048 1683 cogitatis
1060 1640 1068 1674 r
1079 1621 1124 1671 sed

56 1690 133 1740 luxui
145 1688 242 1737 vacatis
253 1690 278 1735 et
288 1686 360 1749 gulae.

88 1758 171 1810 Coeua
181 1755 273 1806 Christi
286 1755 334 1804 lull
347 1758 434 1808 aeterul
447 1758 546 1809 loederis
565 1758 725 1822 symbolum
744 1763 826 1810 restra
837 1773 925 1820 omna,
938 1759 1040 1809 invidias
1050 1796 1057 1820 ,
1069 1759 1122 1810 dis-

56 1828 205 1887 sensionis,
224 1829 249 1875 et
264 1825 424 1875 dissidiorum
442 1830 519 1890 origo.
848 1851 851 1856 ·

88 1905 174 1954 Donec
193 1901 291 1958 ueniat,
309 1900 404 1950 scilieet
416 1903 577 1962 judicaturus
588 1907 657 1953 vivos
671 1907 696 1952 et
707 1907 819 1952 mortuos
832 1924 838 1951 r
853 1904 915 1952 hlno
928 1905 1041 1964 sequitur
1054 1903 1122 1966 quod

55 1973 185 2024 adfinem
198 1982 276 2031 usque
289 1969 377 2018 mundi
394 1970 512 2021 duratura
529 1975 562 2021 sit
579 1975 736 2023 sanctissima
749 1974 923 2034 Eucharistla,
942 1987 986 2023 seu
1001 1975 1122 2023 incruen-

54 2050 117 2096 tum
132 2041 227 2093 christi
247 2038 417 2101 sacrificinm,
431 2045 529 2090 cruenti
543 2044 703 2091 annuntiatio
716 2047 845 2104 perpetua.

88 2131 133 2178 27.
145 2128 233 2187 ltaque
244 2125 384 2186 quicunque
398 2126 615 2174 mailducooerit...

88 2195 191 2247 Clarius
205 2193 344 2242 indicated
357 2194 419 2253 quid
436 2196 561 2255 superiora
580 2193 706 2252 retulerit,
724 2193 847 2243 nimirum
862 2195 895 2244 ad
905 2195 1048 2246 docendum
1060 2208 1120 2258 eos,

54 2266 138 2329 quam
152 2264 260 2325 graviter
271 2263 298 2310 iu
314 2263 498 2311 sanctissimum
514 2262 698 2312 Eucharistinm
711 2268 830 2325 peccent,
843 2277 933 2325 eosque
949 2268 1065 2328 corrigat.

88 2334 195 2384 Transit
215 2343 272 2392 ergo
294 2329 327 2378 ad
344 2329 453 2390 indigua
476 2332 663 2380 communionis
685 2334 876 2394 enormitatem,
899 2347 977 2395 quom
992 2348 1022 2385 er
1045 2347 1122 2398 supc-

54 2404 172 2454 riorlbus
188 2399 263 2450 inlert
277 2403 303 2448 et
322 2402 459 2460 exaggerat.

87 2474 156 2535 Quia
171 2470 225 2519 haeo
240 2470 360 2531 mysteria
378 2471 628 2530 suntunuuntintlo,
641 2472 731 2533 etipsa
748 2471 822 2520 realis
832 2475 1019 2535 repraesentatio
1033 2474 1121 2523 bomi-

55 2544 126 2594 nlerc
141 2542 274 2604 passionis.
398 2594 400 2601 ,
834 2584 837 2590 .

88 2611 166 2672 Ergo,
177 2608 351 2670 quicunqoeea
361 2609 496 2658 maducat
504 2609 543 2658 ael
555 2609 617 2659 bibit
628 2608 736 2672 iodipod,
749 2611 775 2660 id
786 2614 831 2670 esi,
840 2613 956 2660 conscius
966 2612 1012 2660 sibl
1023 2614 1120 2672 peceati

55 2680 190 2739 mortalis,
210 2683 255 2729 aut
274 2681 452 2741 irreverenter,
465 2693 490 2729 v.
507 2693 541 2742 g„
560 2682 721 2741 semiobrius,
745 2685 935 2742 contentiosus,
952 2687 978 2730 ln
999 2696 1120 2745 pauperes

55 2753 141 2803 durus
152 2748 162 2812 (
173 2752 203 2797 ut
214 2761 274 2808 ros,
286 2747 301 2797 ὀ
312 2748 436 2797 Corinthii
447 2747 455 2810 )
467 2786 474 2808 ,
488 2763 546 2798 reor
563 2752 610 2798 erit
624 2751 737 2812 corporis
749 2758 771 2799 et
786 2752 915 2812 roapuioir
928 2753 1028 2799 Domini
1035 2768 1045 2810 ;
1058 2765 1120 2814 sop-

53 2822 114 2887 ple,
131 2819 285 2869 abinvicem
301 2820 426 2880 separati,
441 2819 533 2880 idest,
547 2831 604 2868 reus
618 2822 664 2868 erit
679 2823 766 2868 mortis
778 2821 895 2869 bomini:
911 2821 1014 2882 perinde
1027 2835 1057 2871 ao
1067 2824 1120 2884 ipse

54 2891 103 2954 qul
117 2888 219 2937 bomini
233 2887 381 2947 sanguinem
395 2887 529 2947 eliuderit,
544 2890 580 2936 ait
595 2888 811 2949 theophylactum
829 2902 874 2950 per
892 2891 988 2938 crimen
1002 2889 1075 2951 lucit,
1089 2903 1119 2939 ao

54 2961 79 3010 sl
101 2956 232 3007 Christum
250 2954 386 3005 Dominum
408 2957 577 3018 crucifigeret,
593 2960 695 3016 eiusque
712 2960 860 3016 sanguinem
875 2957 991 3007 tunderet
1001 2978 1009 3018 ;
1027 2960 1042 3007 d
1060 2971 1119 3021 pro-

54 3028 177 3091 portione
191 3027 279 3086 pecoat
294 3025 361 3072 sicut
372 3023 450 3074 Judns
465 3029 490 3073 et
500 3025 580 3074 tudaei
588 3044 596 3086 ;
611 3025 687 3074 tradit
698 3025 765 3074 sicut
774 3025 867 3086 ludus,
881 3026 985 3077 insultat
996 3027 1063 3077 sicut
1073 3028 1119 3077 tu-

54 3095 127 3156 dtei,
141 3095 179 3142 ait
191 3092 369 3142 theodoretus.

88 3164 162 3215 ltane
179 3161 210 3211 de
227 3161 334 3212 frustulo
353 3165 426 3225 panis
446 3163 546 3227 indigne
564 3162 715 3214 manducato
731 3162 874 3224 loqueretur
893 3163 986 3216 Poulus
1006 3169 1120 3218 veritatis

54 3234 171 3286 uectore
181 3233 250 3281 itane
262 3234 342 3282 saneti
355 3233 438 3282 Patres
449 3235 688 3296 interpretarentur!
787 3232 791 3239 '
1063 3288 1067 3295 ,

87 3303 155 3353 ilinc
166 3313 224 3363 ergo
235 3301 299 3351 bene
312 3301 418 3351 lnlertur
428 3304 443 3351 a
454 3302 590 3361 Catholicis
604 3322 609 3351 ι
624 3301 721 3361 Primo,
734 3301 800 3362 quod
816 3315 903 3353 revera
920 3316 1011 3368 corpus
1026 3310 1051 3354 et
1061 3319 1120 3356 san-

54 3375 113 3437 guis
127 3370 221 3421 Christi
238 3371 290 3419 sint
307 3371 334 3418 in
347 3372 523 3432 Sacramenta,
536 3370 662 3430 seeundo,
674 3370 741 3430 qubd
758 3374 833 3421 etiam
850 3373 865 3421 l
881 3375 954 3423 malls
966 3375 1065 3424 realiter
1075 3388 1120 3424 sn-

54 3445 184 3501 muntur5
199 3438 292 3501 tertio,
303 3439 370 3502 qudd
387 3443 521 3502 utrumque
537 3440 583 3490 sub
600 3453 651 3488 una
667 3439 766 3489 tantum
782 3443 880 3503 speeic,
894 3448 994 3505 propter
1006 3445 1119 3505 particu-

54 3512 109 3562 lam
123 3509 172 3560 oei.

85 3579 231 3640 Caeterum,
250 3593 280 3630 er
293 3581 347 3642 lpso
360 3583 476 3628 contextu
494 3578 641 3640 intelligitur
652 3577 712 3638 quid
725 3579 758 3626 slt
771 3578 873 3638 indigne
887 3579 1058 3637 manducare,
1078 3580 1117 3629 vet

55 3649 160 3709 bibere,
173 3647 270 3713 scilicet
281 3649 445 3709 irreverenter
456 3652 481 3698 ct
490 3650 518 3697 in
528 3652 595 3697 statu
605 3647 701 3709 peccati
712 3645 841 3707 mortalis,
853 3651 881 3695 ut
891 3646 1013 3696 Corinthii
1025 3645 1115 3709 multi,

56 3731 121 3783 quos
134 3719 219 3778 arguit
233 3716 373 3779 apostolus.

86 3803 128 3852 28.
140 3799 236 3851 Probet
253 3805 338 3849 ouum
351 3800 460 3861 reipsum
477 3799 561 3849 bomo.

85 3870 194 3923 Ostensa
214 3867 295 3928 malo,
312 3869 451 3918 remedium
470 3869 579 3930 prabet,
599 3867 720 3927 docetque
739 3863 863 3927 quomodo
882 3862 915 3913 ad
931 3866 1119 3920 sanctissimam

57 3939 248 4065 lueharllstlunr
258 3937 446 4000 accedendum,
460 3949 492 3986 na
507 3938 572 3987 tanti
584 3936 699 3988 criminis
710 3936 767 3997 quls
777 3945 834 3983 reus
845 3933 885 3982 sit.
948 4012 978 4058 Η
