2520 4440
153 258 189 312 88
446 253 654 309 EPISTOLAE
673 254 729 306 ib·
739 249 926 305 eduilius

152 353 302 415 piscentiam
321 351 465 411 internam,
490 349 540 412 qut
562 350 659 399 externi
680 350 752 397 aetus
774 345 941 413 piscentinrn
967 342 1141 406 uaedam,
1161 341 1206 394 nisi

153 421 278 469 rationem
296 418 406 468 induunt
427 419 542 480 peccati,
557 431 609 467 non
626 418 752 466 novissem
775 419 1205 487 lexdioemffiffimupisoes‚

154 500 207 536 esse
220 490 369 549 peecatum,
389 489 438 536 nisi
453 486 493 536 lex
510 499 567 536 enm
586 485 753 550 prohibuisset

154 557 260 605 dicens:
276 556 332 605 1166
347 555 510 618 concupisces.

97 620 101 627 “
185 619 234 674 Lex
243 636 301 685 ergo
315 628 448 685 peceatum
457 624 522 672 mihi
531 621 652 672 indicavit
661 624 754 683 61666-
812 613 1002 668 6066661666
1017 616 1208 676 autem'eeccp-

154 694 254 753 hibuit,
270 699 295 742 et
315 692 460 753 6611161661
475 692 539 745 iilud
555 693 698 741 coerceret:
712 688 753 739 sed
778 693 821 756 11,
836 695 981 757 peccatum
992 702 1044 754 per
1058 687 1207 739 mandatum

155 763 366 824 concupiscentiae
384 765 492 820 vitium,
507 764 535 810 in
556 773 598 809 me
615 760 711 818 latens,
730 762 755 807 et
778 772 923 835 operatum
941 769 983 818 est
999 765 1029 816 in
1046 777 1092 816 me
1110 762 1207 816 omnem

155 834 226 892 quasi
244 833 369 892 sopitum,
390 831 467 890 hujus
485 831 663 891 prohibitionis
683 840 757 877 oece-
779 843 1058 912 concupis-centiam,
1080 841 1140 893 sine
1158 841 1208 906 pege

154 897 226 947 sione
250 899 387 946 excitatum
410 901 435 945 et
456 899 600 957 irritatum,
620 896 703 945 acrius
724 895 756 944 ad
779 925 854 978 enim
910 926 1037 975 occatum
1077 918 1207 973 mmmm

155 966 314 1028 peccandum
325 979 367 1014 me
380 964 576 1025 sollicitavit,et
590 967 616 1013 in
632 977 674 1013 me
687 966 756 1012 6661-
830 1007 841 1053 t
889 937 911 1001 p·

156 1037 219 1084 tavit
239 1047 314 1082 omne
327 1034 452 1083 maiorum
471 1033 651 1082 desideriorum
667 1045 755 1094 genus,
780 1017 850 1056 era·

157 1101 247 1161 sicque
267 1113 311 1162 per
335 1101 395 1161 legis
417 1102 589 1158 occasionem,
606 1102 755 1160 peccatum,

157 1168 225 1228 quod
238 1172 291 1217 erat
308 1171 380 1229 quasi
392 1173 541 1228 mortuum,
556 1170 636 1217 vitam
646 1180 677 1216 ac
688 1169 757 1228 vigo·

158 1239 329 1298 remaccepit.

187 1305 239 1354 1166
255 1310 284 1354 61
295 1306 439 1356 distinetihs
452 1308 616 1369 concipiatis,
631 1304 757 1367 duplicem
816 1299 842 1349 9.
853 1300 909 1363 Ego
921 1299 1017 1348 autem
1024 1293 1149 1347 vivebam
1160 1289 1209 1342 sinc

157 1377 238 1435 gentis
255 1379 346 1424 nostrae
361 1376 507 1436 distinguite
522 1380 630 1434 statum;
646 1379 705 1422 ante
723 1373 759 1421 16-
781 1374 841 1440 ioge
853 1373 1017 1440 aliquando-3

87 1486 90 1505 ,
157 1454 228 1502 gem,
247 1445 271 1490 et
289 1448 345 1504 6661
359 1443 439 1503 legem
454 1463 460 1492 ι
477 1448 613 1505 utrumque
626 1447 712 1492 autem
730 1444 757 1491 in

158 1523 215 1559 mea
235 1523 341 1572 persona
364 1524 470 1572 expono.
493 1513 545 1573 Ego
564 1512 683 1572 Judaeus,
714 1510 759 1560 aii-

159 1579 276 1640 quando‚
296 1591 322 1628 v.
345 1592 368 1640 g.
386 1582 413 1627 in
428 1579 549 1640 AEgypto,
563 1583 614 1628 vixi
633 1582 687 1628 sine
706 1579 758 1640 lege

159 1648 281 1708 biosaica,
298 1652 361 1696 tune
372 1652 505 1710 peccatum
515 1661 567 1696 non
579 1647 758 1709 agnoscebam,

160 1731 212 1766 non
226 1717 361 1777 curabam,
373 1717 406 1766 ad
416 1717 480 1765 iiiud
498 1728 550 1766 non
566 1716 677 1766 multum
689 1719 759 1767 6661-

159 1786 239 1835 taber.

159 1959 256 2021 peceati
268 1957 392 2017 induunt,
407 1969 459 2005 non
471 1958 596 2006 novissem
608 1969 661 2005 csse
673 1959 820 2018 peceatum,
833 1956 883 2004 nisi
897 1952 937 2003 lex
949 1965 1006 2002 eam
1020 1953 1194 2015 prohibuisset.

190 2026 247 2075 Non
270 2026 386 2087 66611661,
399 2029 425 2074 61
440 2025 594 2083 nesciebam,
613 2025 656 2074 hic
675 2036 726 2073 non
747 2025 930 2085 ignorationem
943 2022 1120 2073 omnimodam
1132 2019 1215 2083 signid-

161 2104 232 2158 canis
245 2097 288 2146 sed
299 2097 347 2146 hoc
361 2097 437 2157 dicit,
455 2096 578 2145 naturalis
592 2109 618 2144 66
629 2096 789 2145 discretionis
802 2095 953 2143 exactiorem
965 2094 1138 2154 cognitionem
1151 2103 1215 2141 aceo·

160 2171 225 2230 pisse
236 2180 280 2229 per
291 2167 384 2228 legem,
396 2169 432 2215 ait
443 2166 621 2215 Theoderetus.
1099 2160 1102 2165 ’

149 2245 152 2251 ’
190 2236 238 2284 Lex
253 2239 337 2296 itaque
349 2241 385 2284 est
397 2237 505 2296 cognitio
519 2237 629 2296 peccati,
641 2247 693 2284 non
711 2242 786 2284 cansa
798 2233 911 2296 peceatl;
928 2228 1047 2292 producit
1059 2231 1214 2293 666666661-

161 2307 284 2354 nitionem
294 2324 300 2353 ι
309 2309 346 2353 661
357 2308 442 2352 autem
455 2317 499 2365 per
514 2304 632 2353 accidens
644 2309 670 2353 ct
682 2306 853 2353 extrinsecum
866 2301 932 2362 legi,
947 2299 1016 2361 quod
1030 2311 1062 2351 ex
1073 2300 1124 2351 hac
1139 2299 1216 2362 cogui-

161 2375 333 2434 tionepeccati
347 2375 460 2422 irritetur
474 2375 695 2434 eoncupiscentia,
708 2379 733 2422 et
744 2376 878 2436 peecatum
892 2373 1020 2432 operetur.

192 2459 216 2504 8.
230 2454 362 2503 Occasione
374 2461 457 2504 661616
467 2457 606 2517 accepto...
616 2456 659 2505 Gr.
672 2458 830 2505 occasionem
840 2458 926 2502 autem
942 2454 1073 2515 accipiens
1084 2456 1215 2520 peceatum.

160 2525 217 2586 Syr.
229 2523 333 2587 proinde
345 2524 393 2573 hoc
411 2529 534 2586 precepto
549 2524 664 2586 (scilicet
681 2539 733 2573 non
745 2520 927 2585 concupisces)
942 2522 1042 2571 invenit
1053 2522 1102 2572 sibi
1118 2523 1217 2572 6666616-

162 2606 222 2642 nem
232 2596 379 2655 peceatum,
393 2595 418 2641 et
429 2595 615 2642 consummavit
628 2595 656 2641 in
669 2605 711 2641 me
726 2605 828 2641 omnem
842 2594 1089 2652 concupiscentiam.

191 2663 254 2723 Lex,
266 2666 295 2711 ut
307 2667 365 2712 n.⁷.
382 2663 479 2715 dictum
493 2667 543 2724 est,
556 2663 599 2712 dat
612 2664 907 2725 cognitionem-peccati,
916 2665 941 2710 et
954 2660 1019 2711 iilud
1035 2660 1216 2725 prohibeti’cc·

163 2738 247 2780 6611161
257 2738 354 2789 eutem,
363 2731 453 2791 idest,
467 2734 676 2792 concupiscentia
689 2733 797 2790 vitium,
810 2733 837 2779 in
848 2743 889 2779 me
899 2731 994 2790 latens,
1007 2734 1033 2779 et
1046 2730 1116 2791 quod
1127 2732 1216 2780 cresse

162 2802 258 2860 pitum,
267 2801 371 2860 etquasi
383 2803 513 2849 mortuum
520 2837 527 2860 ,
534 2801 612 2860 hujus
623 2801 800 2863 prohibitionis
813 2805 945 2849 occasione
955 2801 1096 2849 excitatum
1107 2804 1133 2849 et
1143 2801 1216 2848 irrita·

163 2873 219 2916 tum
229 2905 235 2928 ,
244 2867 324 2917 muitd
335 2869 509 2919 vehementius
519 2872 624 2930 grassari
637 2871 712 2932 eoepit
722 2872 747 2917 et
760 2870 878 2918 6616116611
889 2871 917 2918 16
929 2881 972 2919 me
984 2881 1064 2919 omne
1078 2881 1159 2931 genus
1172 2878 1216 2919 mtt-

164 2936 246 2984 iorum
257 2936 446 2986 desideriorum.
909 2944 913 2949 '

193 3005 254 3064 Lex,
265 3017 309 3053 seu
321 3005 455 3067 prohibitio
466 3010 702 3071 concupiscentiam,
710 3009 808 3069 irritat,
824 3009 890 3057 61661
900 3020 966 3069 aqua
978 3007 1077 3059 calcem
1086 3010 1179 3059 vivam.

194 3076 252 3123 Sine
265 3074 773 3140 1666611166(66666616666116166616616)
785 3084 914 3138 peccatum
925 3084 1058 3127 mortuom
1069 3084 1137 3141 erat,
1144 3078 1169 3127 id
1178 3077 1215 3135 mi,

163 3145 281 3205 sopitum.
290 3145 497 3206 Concupiscentia
512 3148 690 3206 interior‚quia
705 3145 776 3195 nnita
785 3146 838 3206 lege
850 3144 964 3195 humani
974 3147 1166 3208 prohibebatur,
1172 3146 1215 3194 ent

164 3215 234 3274 quasi
250 3218 362 3274 mortua,
373 3217 466 3276 sopita,
483 3219 508 3263 61
519 3229 570 3263 666
583 3216 745 3277 reputabatur
757 3220 889 3277 peecatum
902 3220 945 3265 :at
960 3215 1014 3276 lege
1025 3217 1071 3267 Dei
1087 3216 1214 3281 prohibitu,

164 3284 255 3330 exarsit
266 3284 293 3330 in
305 3294 392 3331 omnes
404 3295 493 3344 pravos
505 3287 589 3332 motus
600 3287 625 3331 61
634 3283 748 3333 61166166.

195 3369 219 3416 9.
231 3367 284 3426 Epo
295 3371 378 3414 eutem
392 3365 508 3414 oioebom
519 3365 661 3426 61661666...
674 3364 823 3425 1666116616
833 3377 939 3426 persona
951 3364 1048 3427 iuuat,
1060 3366 1213 3429 astetens,

163 3450 189 3486 6.
201 3448 224 3497 g.
239 3437 265 3484 in
280 3435 394 3497 AEgypto.
406 3433 455 3483 iiiii
468 3436 554 3483 tamen
565 3434 591 3482 id
602 3434 745 3496 intelligunt
755 3433 786 3482 de
796 3434 826 3483 u.
835 3433 922 3493 Paulo,
933 3434 992 3484 edm
1000 3437 1127 3500 inciperet
1133 3434 1212 3486 6116166

164 3519 220 3556 6666
227 3510 376 3567 6166666166,
386 3503 605 3564 166666Μ66616616
614 3504 728 3553 nondum
740 3504 851 3553 edoctus.
861 3500 1005 3554 1161166661.
1015 3503 1212 3567 1166661611166.

195 3576 264 3641 Epo,
274 3578 376 3628 Judaeus
386 3578 481 3627 66111661
491 3615 497 3636 ,
507 3577 645 3639 6116661616
653 3615 661 3634 ,
670 3589 696 3626 v.
706 3588 729 3639 g.
742 3580 769 3627 in
784 3578 903 3639 AEgypto,
915 3583 974 3627 ante
983 3578 1067 3641 legem
1079 3581 1211 3633 1166616661

164 3649 278 3697 vovebam
289 3650 359 3707 quasi
369 3647 453 3705 exlex,
466 3651 598 3706 peccatum
609 3659 659 3694 non
672 3658 822 3707 agnoscens,
835 3661 885 3695 non
896 3648 1004 3708 curans,
1015 3662 1070 3698 non
1084 3652 1210 3703 aestimene;

164 3718 250 3777 sicque
263 3716 295 3763 ad
310 3716 372 3764 iiiud
381 3728 431 3763 non
442 3713 550 3762 multum
563 3716 690 3764 incitatus.
704 3716 753 3764 Sed
766 3715 823 3764 esim
838 3717 940 3765 venisset
953 3719 1120 3777 mandatum,
1132 3718 1156 3767 id
1168 3718 1209 3771 et,

166 3784 204 3832 ier
215 3784 301 3832 dicens
312 3785 374 3832 mihi
388 3803 395 3832 ε
409 3785 463 3832 Non
474 3783 626 3845 concupisces
631 3801 640 3843 ;
657 3786 752 3846 peccati
765 3783 827 3832 dans
843 3785 906 3833 mihi
919 3788 1106 3849 cognitionem,
1116 3785 1210 3846 1116111161

165 3852 300 3921 prohibens
310 3888 316 3911 ,
325 3857 452 3912 peccatum
462 3852 567 3907 6661611,
576 3850 659 3910 idest,
672 3854 808 3900 excitatum
819 3858 865 3901 661.
877 3852 1090 3920 Concupiscentia
1098 3867 1160 3916 6166,
1166 3859 1207 3915 666

166 3926 220 3971 6661
234 3922 306 3982 qussi
320 3917 819 3982 6661166166661661,66616661666611616
832 3921 931 3970 6661611.
