2520 4440
136 237 172 291 20
434 239 635 292 EPISTOLAE
655 241 703 291 at>
721 239 903 293 Romanos

137 338 195 393 tus,
209 335 235 382 et
247 331 376 394 idoniustb
387 335 412 382 et
423 345 453 382 ex
464 345 536 393 aquo
545 333 668 394 judicabit
682 346 733 392 eos,
753 334 891 401 judicium
910 335 960 388 Dei
982 338 1026 388 est
1051 330 1202 390 secundum

136 404 180 461 qui
196 401 256 450 talia
272 405 374 463 poeonia
392 405 552 464 perpetrant,
569 401 653 462 qualia
670 405 698 450 tu
710 405 735 450 el
756 413 900 466 veritatem
924 412 954 463 ln
979 425 1045 476 008,
1071 410 1123 477 qui
1142 409 1202 462 lalil

137 469 372 531 aliiquosJ'udioas.
462 493 466 503 ·
651 542 654 546 ,
751 493 852 555 agunt

167 560 295 620 Quomodo
307 561 390 620 itaque
406 562 433 610 in
444 559 493 610 hoo
511 563 618 610 versaris
634 573 733 621 errore;
793 570 818 619 5,
831 565 977 618 Existimas
994 569 1093 616 autem
1104 557 1202 626 hoo‚d

138 633 165 676 ut
184 630 311 678 existimes
333 629 441 690 effugere
467 633 492 679 te
510 641 582 691 posse
608 629 734 688 judicium
757 639 1203 708 110m0‚qquudqcaseosquiqg.

137 696 261 770 lioii’tu,
274 699 318 759 qui
334 697 434 757 J'udioas
449 696 527 758 alios,
545 696 633 745 eadem
649 700 733 745 tamen
756 722 792 773 Ha
806 724 908 786 agunt,
921 725 949 772 et
960 718 1030 771 sacis
1040 732 1090 783 ea,
1102 717 1203 786 quiam

135 765 296 813 committeus
310 763 418 825 seelera,
431 778 487 826 quae
501 765 607 814 damnas
622 769 647 813 ot
658 768 734 826 punis
757 795 870 863 effugies
879 793 1020 861 judicium
1034 793 1107 848 Dei?

135 834 163 880 in
175 833 228 880 elsi
239 835 325 893 sieque
341 844 371 881 er
387 835 529 894 ignorantia
540 846 592 882 nou
604 845 702 894 peccas.

165 901 204 951 An
221 903 400 951 exuberantem
412 903 455 952 liei
469 903 667 964 benignitatem,
685 905 735 951 im·
778 900 1202 968 -i.Andiv,itiasbouitatiseJ'us,

135 982 299 1031 mensamque
315 973 464 1033 patientiam
482 977 506 1021 et
517 971 733 1034 longanimitatem
756 979 1205 1048 etpaqqentqae‚gg10nganimiqaqis

135 1040 297 1087 contemnis?
311 1052 344 1086 au
355 1051 384 1088 ex
397 1039 441 1088 Dei
453 1039 556 1089 lenitate
567 1053 638 1102 spem
649 1041 734 1100 impu·
756 1058 912 1112 contemnis
921 1057 934 1109 q
943 1061 1063 1123 Ignoras
1072 1057 1204 1123 quoniam

134 1106 733 1240 atriainauaalatitabit-
754 1135 1047 1266 tristani

133 1247 268 1294 nitentium
283 1249 308 1294 te
322 1247 421 1296 inritat.

133 1433 257 1495 Gentiles,
272 1436 325 1497 lusa
338 1435 448 1484 naturali
458 1437 568 1497 ratione,
581 1436 659 1487 Judaei
672 1475 679 1497 ,
691 1439 850 1498 preteream
863 1432 917 1494 lege
924 1453 932 1494 ς
945 1433 1071 1495 quoniam
1079 1433 1204 1495 iuditium

133 1504 192 1559 Dei,
205 1504 292 1565 supple
306 1507 343 1554 est
353 1505 540 1567 peragendum,
551 1506 686 1556 reconddm
699 1506 841 1563 veritatem,
851 1502 949 1552 seilicet
957 1502 1116 1550 meritorum
1130 1505 1156 1550 et
1164 1501 1205 1550 do-

133 1569 297 1632 m'eritorum,
311 1573 405 1639 absque
418 1577 533 1635 respectu
545 1586 718 1635 personarum.
1094 1587 1097 1591 ·

163 1640 294 1701 lpsa'ratio
305 1640 378 1691 docet
396 1642 477 1698 lirum
491 1655 560 1704 esse,
575 1646 600 1692 et
619 1641 718 1692 summe
732 1641 926 1702 justum31leus
944 1640 1017 1688 euim
1034 1641 1140 1703 oonolpi
1153 1651 1202 1689 nou

133 1712 214 1770 potest
225 1711 279 1758 sine
288 1710 387 1770 justitia
400 1729 406 1759 ε
420 1709 477 1770 ergo
489 1710 543 1771 ipsa
553 1712 617 1759 ratio
633 1711 704 1760 docet
716 1710 842 1769 judicium
853 1708 896 1757 liei
909 1707 962 1756 lore
973 1707 1123 1757 seeundum
1139 1709 1203 1758 veri-

132 1780 225 1837 tatem,
237 1790 289 1826 uon
300 1777 440 1828 seeundum
454 1781 613 1840 apparentiae
629 1779 796 1827 exercendum
807 1796 814 1827 ι
824 1777 886 1826 hino
895 1782 990 1826 tremor
1002 1779 1078 1826 omni
1090 1775 1157 1826 seito
1167 1787 1204 1826 re-

133 1848 256 1896 flectenti.

163 1916 228 1965 Deus
243 1927 285 1964 me
302 1915 427 1976 judidablt
448 1914 590 1965 seeundum
602 1917 735 1964 veritatem
755 1915 875 1974 luminis,
890 1915 1035 1964 sanctitatis
1056 1916 1083 1963 et
1101 1906 1204 1973 iustitia

132 1983 226 2034 suano
245 1986 352 2034 ueritas!
365 1983 379 2032 o
391 1985 525 2033 sanctitas!
540 1983 555 2032 ὁ
569 1985 665 2045 justitia
683 1984 763 2033 divini
780 1983 890 2032 tudinis!
904 1982 966 2042 Quis
977 1986 1004 2031 to
1018 1995 1082 2032 nou·
1093 1984 1204 2031 timeatt'

132 2046 189 2116 qui's
205 2041 386 2105 tremebundus
403 2068 455 2104 nou
472 2055 555 2104 dieat=
572 2055 626 2104 Nou
642 2057 721 2104 intres
735 2057 762 2103 in
777 2054 904 2114 judicium
918 2065 978 2102 oum
991 2065 1068 2102 servo
1082 2058 1146 2113 tuo,
1158 2050 1205 2100 Do

132 2127 217 2185 mine,
229 2127 288 2186 quia
302 2124 388 2174 nullus
400 2124 467 2185 apud
480 2127 505 2172 te
514 2122 694 2183 justificabitur
707 2123 793 2171 homo.
860 2134 864 2139 ·
1114 2136 1124 2149 ‘

162 2196 220 2245 llaeo
233 2196 349 2256 equidem
360 2194 391 2244 de
407 2197 474 2254 justo
486 2193 529 2241 liei
540 2192 636 2252 judicio
645 2193 767 2241 naturalis
780 2194 869 2242 notitia
879 2191 1001 2240 dormitat
1015 2203 1091 2241 nuno
1103 2192 1132 2240 ln
1140 2188 1203 2240 mul-

132 2266 181 2323 tis,
192 2263 236 2312 sed
247 2264 314 2313 eirea
336 2266 443 2310 mortem
462 2261 524 2310 solet
537 2263 639 2313 excitari
650 2265 780 2323 ,vtunoque
796 2261 978 2310 moribundum
994 2264 1162 2321 peooatoeem
1177 2257 1204 2307 ed

132 2333 212 2394 magis
222 2328 322 2393 torquet
331 2368 338 2389 ‚
347 2344 397 2393 quo
415 2332 511 2380 diutius
525 2335 549 2394 et
564 2330 714 2392 profundius
725 2333 753 2380 in
764 2331 816 2380 vita
827 2330 982 2379 dormitavit
993 2329 1071 2379 lllam
1088 2328 1149 2392 ergo
1168 2340 1205 2377 sa-

132 2415 182 2450 nus
194 2403 274 2450 excita
281 2420 288 2461 ς
302 2407 327 2449 et
337 2400 478 2449 seeundum
494 2399 564 2448 illam
574 2401 631 2448 vive
642 2437 649 2460 ,
661 2406 688 2448 ut
700 2401 786 2450 minus
796 2403 889 2449 terreat
900 2401 928 2448 ln
939 2400 1034 2448 morte.

163 2499 187 2545 3.
201 2496 337 2544 Existimas
349 2495 489 2547 autemhoo
503 2493 648 2556 :quomodo
660 2506 716 2556 ergo
731 2498 757 2545 in
773 2495 917 2544 hocerrore
930 2496 1061 2557 versaris,
1076 2498 1108 2545 ut
1121 2495 1205 2544 existi-

131 2576 202 2624 mes,
215 2565 230 2614 d
246 2565 333 2622 homo,
343 2566 387 2626 qui
397 2565 499 2627 judicor
511 2565 589 2625 alios,
607 2570 632 2614 et
643 2565 730 2614 eadem
742 2569 828 2614 tamen
840 2564 915 2625 lanis,
925 2577 982 2625 quae
996 2564 1110 2615 damnas
1122 2567 1151 2614 ln
1162 2567 1204 2623 eis,

132 2636 218 2694 sieque
234 2645 264 2681 ex
279 2634 419 2694 ignorantia
430 2647 481 2683 non
492 2646 598 2696 peooas;
609 2635 748 2695 quomodo,
760 2636 880 2696 inquam,
892 2635 1023 2683 rabbinos
1033 2635 1106 2696 qudd
1119 2641 1147 2685 tu
1163 2633 1206 2685 bei

129 2703 258 2766 judicium
268 2702 388 2763 effugies?
615 2764 619 2769 ι

163 2770 199 2819 0b
212 2772 261 2819 tria
278 2772 456 2830 pervertuntur
473 2768 608 2819 homiuum
619 2770 731 2831 judicia3
745 2770 785 2820 vel
796 2771 856 2832 quia
872 2771 1007 2830 ignorant;
1023 2769 1068 2819 uel
1080 2773 1143 2834 qula
1159 2783 1205 2834 pu·

133 2842 191 2889 nire
201 2851 254 2888 non
267 2838 367 2899 valent;
381 2839 422 2888 rel
437 2841 497 2900 quia
505 2841 547 2900 jus
558 2843 586 2888 in
603 2840 652 2889 illis
663 2840 816 2889 subvertitur
829 2839 908 2901 gratia
925 2843 972 2889 aut
990 2841 1079 2911 oratio
1094 2860 1102 2890 ε
1115 2842 1206 2890 horum

132 2908 198 2958 nihil
213 2910 241 2956 iu
259 2908 338 2958 Deum
350 2909 417 2958 eadit
424 2928 431 2970 t
443 2911 583 2959 soitomnia
593 2946 600 2970 ,
610 2913 691 2971 potest
704 2922 760 2970 quae
771 2908 842 2970 uult;
853 2908 951 2969 judicat
965 2920 996 2957 ex
1008 2920 1102 2972 aequo,
1117 2923 1206 2960 seeun-

132 2978 196 3028 drlm
206 2979 347 3027 ueritatem.
1102 2979 1106 2985 ·

163 3077 187 3122 4.
198 3075 237 3122 An
246 3074 346 3123 diuitias
359 3074 475 3123 bonitatis
490 3075 563 3137 ejus?
574 3076 636 3124 Nota
648 3074 690 3124 hle
702 3077 751 3124 tria
767 3076 870 3124 nomina
882 3111 888 3133 ,
900 3086 957 3135 quaa
969 3074 1206 3136 superadduntali-

132 3143 203 3205 quid.
213 3142 384 3202 Bonitas,seu
397 3143 552 3204 benignitas,
567 3148 596 3193 ut
612 3146 648 3192 ait
659 3143 753 3205 Syrus,
768 3147 805 3192 est
819 3144 901 3199 virtus
917 3142 970 3203 qua
980 3145 1041 3203 quis
1061 3143 1206 3195 libenterot

132 3214 222 3275 sponte
232 3209 340 3260 aliorum
351 3210 502 3261 utilitatibus
513 3215 639 3275 expositus
650 3218 687 3262 est
697 3213 830 3274 :patientia
842 3215 879 3260 est
890 3213 971 3273 uirtus
978 3212 1031 3273 qud
1043 3213 1115 3264 lleus
1127 3213 1205 3264 mulos

131 3280 223 3330 tolerat
234 3297 241 3327 ι
251 3278 442 3340 longanimttas,
454 3281 505 3342 qud
515 3283 689 3344 poeniteutiam
703 3283 729 3330 iu
742 3281 844 3341 longum
854 3279 948 3328 differt.

164 3351 202 3398 An
211 3348 321 3406 divitias,
336 3347 362 3396 ld
377 3352 429 3408 est,
446 3349 627 3398 abundantiam
646 3354 671 3398 et
690 3350 891 3410 magnitudinem
910 3348 1031 3398 bonitatis
1052 3351 1111 3414 ejus
1125 3359 1149 3403 et
1158 3365 1205 3415 pa·

133 3418 223 3468 tientioe
235 3421 257 3465 et
270 3416 474 3478 longanimitatis.
484 3418 541 3473 ilaeo
552 3421 601 3467 tria
611 3420 750 3468 contemnit
761 3419 804 3478 qui
817 3429 846 3466 ex
859 3419 895 3466 eis
907 3429 978 3478 spem
994 3422 1115 3483 eouoipit
1124 3423 1205 3483 impu-

133 3489 238 3545 nitatis;
254 3487 423 3547 majoremque
432 3486 553 3548 peccandi
570 3485 700 3535 licentiam
712 3487 809 3547 arripit.
824 3487 960 3546 Ignoras...
973 3498 1008 3534 an
1023 3489 1205 3551 ignorasiquo·

133 3559 204 3606 niam
214 3555 269 3605 haee
279 3558 328 3604 tria
338 3555 446 3605 econtra
455 3559 480 3604 te
486 3556 519 3605 ad
528 3555 699 3618 paenitentiam
710 3555 819 3603 inritant
827 3590 834 3614 ,
843 3557 868 3603 et
876 3553 909 3603 ad
919 3556 1133 3609 emendationem
1140 3561 1204 3618 uite,

131 3624 257 3688 quantum
270 3628 306 3674 est
318 3626 348 3673 eir
361 3629 432 3686 parte
445 3626 489 3675 liei
495 3663 507 3690 ‚
518 3626 658 3674 adducunt.

163 3695 264 3744 Bonitas
275 3694 318 3743 liei
330 3698 486 3756 peecatorem
497 3697 589 3744 inaltat
599 3693 632 3743 ad
644 3695 818 3755 poenltentiam
832 3713 838 3741 ε
852 3695 952 3744 oaeoitas
964 3697 990 3744 at
1002 3696 1108 3748 malitia
1120 3709 1204 3760 perea-

132 3765 195 3813 toris
208 3762 320 3812 abutitur
335 3763 377 3812 Dei
389 3763 500 3814 bonitate
515 3764 547 3813 ad
559 3765 779 3825 impoenitentiam.
791 3755 969 3812 lliuobonitas
980 3763 1027 3813 liei
1046 3767 1062 3816 a
1074 3771 1204 3828 peccaturo

134 3838 288 3894 contempta,
303 3833 332 3894 fit
353 3834 483 3882 severioris
499 3833 590 3893 judieii
606 3844 691 3881 eausa·
711 3831 759 3891 Qui
775 3833 878 3880 divitior
898 3833 1020 3883 bonitatis
1043 3837 1203 3891 contemnim

119 3903 263 3954 messuros
277 3902 321 3952 ira
336 3903 440 3964 reperiet
457 3921 464 3951 =
481 3902 612 3952 thesauros
624 3914 670 3970 pro
683 3901 807 3952 thesauris
813 3920 825 3962 ,ς
841 3904 868 3950 at
889 3901 1025 3954 thesauros
1044 3906 1109 3966 irae,
1123 3910 1149 3956 et
1163 3906 1203 3954 ira
