2520 4440
101 213 180 319 aor'
399 254 604 323 rarsrots
622 259 672 314 sn
688 250 874 328 aesinos
928 282 935 292 -

98 450 1145 495 'mmmmm

175 640 434 724 Anrnrsrs
453 637 663 721 cirrus
681 577 871 720 nscrnr
888 629 1091 767 Qnrnrr.

583 1041 675 1081 amno.

101 1119 276 1238 Francius
287 1178 431 1247 speciatim
444 1177 586 1244 hortatur,
600 1185 631 1232 ut
642 1179 769 1246 exemplo
780 1175 882 1231 Christi
894 1173 1022 1240 Domini,
1038 1173 1087 1242 qui
1096 1186 1155 1242 pec-

101 1269 163 1318 cata
175 1268 271 1316 nostra
286 1262 362 1327 tulit,
374 1261 478 1329 quique
487 1262 539 1315 sibi
550 1261 604 1328 ipsi
617 1276 674 1315 non
686 1261 768 1325 visit,
782 1259 834 1312 sed
845 1256 944 1323 nobis,
958 1263 987 1312 et
1003 1264 1105 1311 nostrae
1116 1270 1155 1309 sa·

100 1348 151 1400 luti
165 1352 255 1411 totus;
265 1345 306 1398 sic
317 1351 344 1398 et
356 1345 394 1398 illi
406 1345 505 1397 leniter
514 1343 606 1398 ierant
617 1342 792 1396 intirmorum
800 1340 1026 1405 imbecillitates;
1040 1340 1156 1406 sibiipsis

100 1429 277 1492 nonvivant,
295 1428 409 1494 suisque
428 1425 537 1478 tanthm
558 1426 713 1480 commodis
733 1425 855 1480 serviant
861 1441 870 1490 3
896 1423 948 1477 scd
970 1420 1156 1490 proximorum

99 1510 277 1564 aedificationi
287 1516 315 1562 et
326 1509 407 1562 saluti
418 1509 565 1574 studeant,
576 1508 603 1577 i.
616 1512 631 1560 1
642 1548 650 1574 ,
660 1510 693 1574 2,
703 1512 734 1574 5,
746 1512 775 1561 1.

561 1645 686 1688 ΒΕῦῦΠΒΟ.

135 1742 269 1796 Omnibus
281 1743 427 1807 Romanis,
441 1743 500 1795 sive
511 1742 629 1808 tudaeis,
644 1742 701 1795 sire
712 1740 883 1807 Gentilibus,
893 1755 946 1808 per
954 1740 1074 1795 modum
1084 1740 1157 1794 bene

100 1822 230 1878 dictionis
241 1824 391 1891 perfectam
402 1831 567 1892 apprecatur
574 1825 683 1879 intersc
691 1824 870 1881 concordiam
876 1841 885 1889 ;
893 1829 923 1877 et
930 1829 1086 1878 utomnem
1095 1824 1158 1876 inter

98 1912 249 1974 utrumque
258 1908 392 1974 populum
401 1907 604 1967 dissensionem
613 1907 782 1973 exstinguat,
792 1921 891 1960 rursus
899 1907 970 1974 ipsis
979 1907 1111 1961 omnihus
1118 1919 1159 1960 cr·

99 1989 176 2043 hibet
191 1991 346 2056 exemplum
356 1990 471 2053 christi,
485 1989 534 2058 qui
548 1995 699 2057 utrumque
716 1990 853 2056 populum
866 1990 1091 2053 misericorditer
1104 2002 1159 2043 sus

100 2073 173 2140 cepit
185 2073 360 2138 salvandum,
377 2073 405 2142 i.
419 2075 450 2138 5,
462 2074 495 2138 6,
510 2076 537 2127 l.

130 2154 285 2233 ‘attendant
296 2156 430 2221 Gentiles,
442 2156 519 2223 quod
528 2155 652 2210 christus
662 2155 811 2221 Dominus,
822 2154 883 2222 ipse
891 2155 1009 2210 tndaeus
1020 2161 1050 2210 et
1058 2156 1159 2211 iudeo

99 2250 162 2290 rum
171 2236 297 2301 minister
308 2235 360 2289 luit
371 2242 399 2289 et
410 2233 574 2306 Apostolum
591 2238 736 2293 attendant
746 2238 836 2292 iudaei
847 2239 927 2306 qnod
941 2241 1020 2299 Deus
1036 2249 1088 2308 per
1098 2242 1160 2293 Pro-

98 2319 196 2384 phetas
205 2320 315 2372 Judaeos
327 2319 474 2373 Gentilium
485 2322 706 2389 assumptionem
718 2321 754 2374 ad
765 2322 850 2374 tidem
861 2322 1005 2390 praedixit,
1019 2325 1053 2388 8,
1066 2325 1101 2388 9,
1113 2322 1157 2387 tc,

98 2405 133 2453 11
144 2439 152 2464 ,
163 2404 208 2452 ta.
222 2404 329 2454 Rursus
341 2403 383 2454 eis
395 2405 525 2458 omnibus
536 2405 620 2458 simul
631 2405 680 2458 Dei
690 2406 807 2472 gratiam
815 2412 1000 2473 apprecatur,
1010 2420 1062 2461 seu
1073 2405 1159 2460 iucho

99 2487 173 2534 amm
182 2483 298 2536 absolvit
309 2483 547 2554 benedictionem,
563 2487 591 2556 i.
603 2491 649 2541 15.

576 2626 681 2666 suario.

132 2716 282 2782 Epistulam
293 2716 436 2781 liniturus,
445 2719 635 2772 Romanorum
642 2718 771 2773 laudibus
778 2720 883 2790 emollit
893 2733 928 2774 ea
940 2735 1008 2789 quae
1019 2721 1093 2776 forte
1100 2706 1161 2776 dixit

98 2795 273 2865 illisaspera3
285 2813 365 2852 suam
377 2800 521 2865 epistolam
534 2800 674 2856 humiliter
687 2802 826 2868 insinuat,
838 2802 927 2869 ‘quasi
936 2804 1009 2871 ipsis
1021 2792 1158 2871 inutilem

99 2879 165 2942 quia
172 2880 290 2933 scientia
301 2887 328 2935 et
340 2881 473 2935 charitate
483 2888 548 2935 sunt
555 2884 646 2950 pleni;
659 2898 722 2938 eam
732 2892 845 2939 excusat
857 2887 940 2953 quasi
949 2889 1128 2943 liberiorem:
1137 2893 1161 2941 at

99 2959 137 3010 ita
146 2961 271 3027 scripsit,
281 2970 313 3016 ut
324 2976 376 3016 suo
388 2964 460 3016 inter
471 2971 568 3032 gentes
576 2968 736 3032 apostolico
743 2968 853 3021 muneri
864 2970 1037 3037 satiabant,
1047 2972 1160 3027 breviter

100 3042 211 3105 exponit
219 3043 339 3098 fructum
352 3047 395 3098 sui
406 3047 481 3100 inter
491 3053 587 3114 gentes
595 3051 746 3117 Evangelii,
760 3051 837 3117 quod
849 3052 885 3104 ab
896 3055 1057 3108 Jerusalem
1065 3055 1160 3122 adlilt·

99 3122 187 3188 ricum
197 3129 927 3200 usqueprimusubiquepraedicsvit‚tls,15,16,t'l,
937 3139 989 3202 18,
1000 3133 1053 3205 19,
1062 3141 1110 3205 10,
1119 3140 1158 3191 ii.

569 3268 681 3313 obturo.

56 3426 59 3432 ⁸
134 3350 189 3403 Sed
201 3351 236 3405 ad
248 3353 324 3420 ipsos
335 3362 480 3411 venturum
491 3361 653 3427 pollicetur,
665 3363 693 3415 in
704 3365 865 3432 Hispaniam
871 3369 963 3422 Roma
973 3371 1157 3436 prolecturust

54 3475 59 3484 ,
99 3433 149 3485 sed
165 3438 246 3487 antea
259 3439 458 3504 ierosolymam
470 3443 561 3508 vadit,
575 3444 767 3513 eleemosynas
782 3451 942 3514 perlaturus
960 3469 968 3505 :
985 3453 1100 3507 interim
1116 3466 1158 3507 eos

97 3514 232 3568 instanter
244 3517 383 3584 obsecrat,
399 3527 431 3573 ut
441 3536 493 3588 pro
505 3525 568 3589 ipso
578 3529 667 3578 Deum
681 3535 775 3594 orent,
791 3532 903 3599 iterque
920 3547 1007 3588 suum
1019 3539 1078 3591 beo
1091 3547 1159 3590 ccm-

97 3597 256 3733 {Landosiat
266 3606 298 3653 ut
317 3603 446 3658 omnibus
463 3605 580 3661 feliciter
592 3611 727 3679 peractis,
741 3615 860 3670 Romam
872 3617 957 3674 laetus
969 3622 1082 3690 veniat,
1095 3621 1118 3674 si
1128 3620 1157 3672 sit

139 3693 148 3729 r
161 3692 196 3733 ro
207 3693 245 3732 un
257 3694 297 3736 as.
